3150 4942
325 395 413 462 los-2
795 409 830 456 n.
854 362 970 456 mvn

325 554 501 620 mediam¹⁵
525 551 633 616 aciem
659 551 811 634 aperiunt
825 551 924 614 mam.
969 549 1103 613 Primus
1127 550 1276 613 omnium
1305 548 1433 613 consul

325 656 454 722 invadit
466 655 609 731 hostem,
625 661 670 729 et,
685 672 760 716 cnm
777 671 847 734 qno
858 652 946 716 forte
960 651 1102 714 contulit
1119 650 1272 732 gradum,
1290 651 1433 714 obtrun-

327 765 415 822 cat.t
459 755 539 819 Hoc
561 754 759 838 spectaculo
784 753 919 817 accensi
944 753 1066 816 dextra
1088 754 1259 835 laevaque,
1284 757 1363 815 ante
1389 770 1431 814 se

326 853 1069 940 quisque,memorandumpraeliumcient.¹⁶¹¹¹
1098 854 1196 917 Stant
1206 853 1319 916 obnisi
1328 852 1433 916 Sam·

325 959 426 1033 nites,
439 976 630 1039 quanquam
652 957 752 1039 plura
775 947 958 1036 accipiunt,
973 973 1075 1036 qoam
1097 954 1251 1028 inserunt,
1275 953 1434 1017 vulnera.

326 1057 543 1142 Aliquamdiu
553 1057 624 1140 jam
640 1064 822 1139 pugnatum
845 1063 933 1120 erat:
956 1065 1054 1121 aoox
1076 1053 1188 1119 credes
1213 1054 1306 1117 circa
1329 1054 1434 1136 signa

326 1159 533 1234 Samnitium,
544 1157 625 1238 iuga
639 1158 682 1220 ab
696 1155 873 1220 nulladum
890 1164 985 1237 parte
998 1163 1079 1218 erat.
1121 1154 1219 1218 Adeo
1234 1161 1341 1218 morte
1351 1155 1434 1218 sola

325 1258 415 1322 vinci
425 1257 669 1320 destinaverant
681 1257 813 1319 animis.
837 1255 960 1339 Itaque
975 1255 1133 1332 Romani,
1147 1273 1226 1318 cum
1237 1255 1393 1318 attinere
1404 1263 1433 1304 ¹⁷

259 1383 265 1396 ·
320 1359 395 1441 jam
410 1357 609 1422 lassitudine
622 1359 711 1420 uires
727 1357 898 1435 sentirent,
910 1365 946 1420 et
961 1356 1029 1419 diei
1048 1355 1292 1419 haudmuttnm
1308 1376 1433 1439 super·

328 1455 460 1533 esset,¹⁸
476 1458 611 1521 accensi
634 1457 684 1522 ira
705 1458 927 1522 concitantes
942 1456 978 1520 in
992 1456 1132 1520 hostem.
1175 1456 1262 1521 Tum
1279 1458 1431 1539 primum

327 1557 442 1622 referri
457 1556 587 1639 pedem,
602 1563 702 1641 atque
716 1558 865 1621 inclinari
882 1576 948 1620 rem
963 1559 998 1620 in
1011 1557 1136 1638 sogam,
1150 1557 1328 1640 apparuit3
1354 1568 1430 1619 tnm

328 1658 420 1740 capi,
436 1657 550 1721 occidi
563 1657 704 1722 Samnis.
748 1657 825 1722 Nec
836 1658 1076 1740 superfuissent
1090 1657 1197 1734 multi,
1215 1658 1250 1720 ni
1266 1677 1334 1720 nox
1355 1658 1433 1721 vic·

326 1758 445 1821 teriam
466 1759 585 1839 magis,
601 1776 701 1841 quam
717 1758 882 1839 praelium,
907 1756 1104 1822 diremisset.
1148 1757 1193 1822 Et
1213 1757 1361 1821 hmani
1375 1759 1433 1822 fa·

327 1861 675 1943 tebantur,nunquam
700 1881 775 1924 cum
798 1859 1021 1943 pertinaciore
1035 1861 1132 1924 hoste
1156 1862 1366 1926 condictum:
1392 1872 1433 1926 et

328 1959 505 2038 Samnites,
521 1981 596 2024 cum
618 1968 832 2044 quaereretur,
846 1977 1000 2044 quaenam
1017 1960 1125 2041 prima
1146 1979 1250 2028 causa
1269 1971 1339 2025 tam
1363 1965 1432 2027 ob·

328 2061 472 2125 stinatos
486 2061 647 2125 movisset
661 2062 694 2124 in
708 2061 845 2142 sugam,
862 2065 878 2117 .‘
891 2061 1011 2124 oculos
1032 2060 1098 2123 sibi
1121 2059 1353 2126 Romanorum
1372 2082 1432 2126 ar-

328 2159 407 2226 dere
424 2161 541 2237 visos,'
563 2162 706 2238 aiebant,
722 2167 952 2245 ‘vesanosque
972 2160 1087 2224 vultus
1115 2172 1149 2226 et
1171 2161 1314 2228 furentia
1339 2183 1430 2228 ora:

328 2260 405 2324 inde
422 2261 510 2343 plus,
526 2279 625 2342 quam
641 2277 687 2324 ex
703 2261 771 2323 alia
787 2261 856 2323 ulia
870 2280 914 2337 re,
931 2263 1062 2324 tortoris
1076 2261 1205 2327 ortum!
1231 2263 1343 2341 Quem
1358 2273 1430 2330 ter·
1548 2286 1549 2291 ¹

327 2379 436 2424 rorem
452 2379 517 2424 non
534 2379 655 2442 pugnae
672 2359 780 2423 solum
800 2371 933 2436 eventu,
950 2359 1008 2423 sed
1024 2369 1187 2426 nocturna
1202 2365 1429 2445 profectione,

329 2461 579 2523 confessisunt.
624 2458 767 2522 Postero
789 2459 843 2522 die
867 2461 983 2522 vacuis
1003 2461 1147 2526 hostium
1162 2466 1283 2528 castris
1297 2465 1427 2531 Roma·

328 2577 394 2624 nus
410 2561 552 2642 potitur:
575 2578 643 2642 quo
658 2577 696 2626 se
708 2559 818 2622 omnis
828 2558 1073 2642 Campanorum
1086 2564 1267 2630 multitudo
1277 2567 1428 2647 gratula-

328 2657 441 2722 bunda
456 2657 585 2722 effudit.

371 2757 425 2822 34.
447 2757 599 2822 Ceterum
624 2758 688 2823 hoe
705 2757 861 2838 gaudium
886 2777 1004 2841 magna
1027 2781 1135 2845 propo
1152 2764 1249 2827 clade
1268 2766 1304 2828 in
1325 2765 1426 2831 sm.

328 2859 409 2948 αἰψ’
431 2858 670 2923 soedatnmcst.
716 2857 804 2924 Nam
824 2860 868 2922 ab
882 2858 1034 2928 Saticula
1055 2864 1227 2944 proiectus
1242 2865 1426 2934 Comeiins

328 2962 447 3026 consul
463 2963 646 3026 exercitum
665 2961 800 3025 incaute
820 2962 852 3024 in
872 2961 1010 3040 saltum,
1035 2982 1119 3028 cava
1141 2966 1230 3030 velie
1256 2971 1424 3051 pervium,

327 3061 484 3142 circaque
505 3063 670 3126 insessum
686 3061 729 3124 ab
745 3061 852 3136 hoste,
868 3061 1023 3126 induxit:
1046 3083 1107 3128 nec
1120 3067 1225 3149 prius,
1246 3088 1346 3150 quam
1372 3090 1424 3134 re-

329 3160 397 3242 cipi
420 3166 491 3224 tuto
515 3161 614 3240 signa
634 3179 701 3223 non
724 3166 893 3242 poterant,
915 3162 1142 3228 imminentem
1164 3169 1268 3249 capiti
1290 3169 1421 3233 hostem

328 3259 423 3325 vidit.
468 3260 558 3324 Dum
573 3260 610 3324 id
624 3277 726 3324 morse
740 3260 947 3326 Samnitibus
963 3270 1028 3341 eet,
1042 3266 1154 3348 quoad
1170 3273 1274 3334 totum
1293 3271 1328 3334 in
1349 3272 1425 3335 val·

358 3445 374 3484 ι’
392 3441 425 3487 Et
435 3455 488 3489 ean
496 3441 625 3501 interfecit,
635 3456 687 3492 cum
697 3455 740 3506 prro
750 3441 853 3504 prim
862 3457 918 3491 ecre
927 3458 1064 3506 comm
1074 3452 1120 3498 ert.

778 3599 965 3624 ΟΜΟΜΙ

329 3718 361 3764 14
378 3713 455 3774 vulg.
482 3713 527 3764 rua
545 3727 606 3762 autre
624 3715 711 3769 omnio.
729 3730 774 3779 quo
792 3721 927 3767 saera-15
944 3719 1023 3781 Vutg.
1043 3717 1216 3782 legionibusque
1233 3721 1259 3769 ia
1278 3724 1420 3772 medica.—

328 3783 359 3832 lo
378 3779 432 3828 Ciet
444 3777 558 3827 Gronov.
573 3779 678 3844 Doujat.
691 3781 870 3831 Cretica-lt
889 3783 950 3832 Gen
959 3783 1178 3848 effluereGronor.
1191 3784 1420 3848 noejus-tas:-

327 3857 421 3905 peresce
431 3842 548 3892 Gronov.
563 3841 671 3906 Doujat.
682 3843 799 3898 Crevier.

819 3971 929 4024 NOTAE

361 4071 379 4096 ¹¹
394 4063 460 4115 Ante
469 4081 509 4115 re.
519 4069 673 4130 ...pretim
685 4069 759 4134 cient]
781 4071 852 4121 Uno·
893 4070 936 4120 nbi
946 4072 1059 4122 Saticula
1069 4073 1218 4136 campanie
1229 4071 1324 4122 tinibus
1336 4074 1419 4123 tucio·

327 4149 430 4204 quoque
441 4139 490 4188 eibi
502 4143 636 4206 oppositos
647 4153 764 4207 urgente.
892 4161 932 4210 aa,
942 4155 973 4199 nt
981 4147 1104 4214 diximus,
1113 4149 1160 4200 red
1171 4149 1242 4200 rocio
1252 4149 1409 4203 Samnitum.

360 4213 539 4281 *InSemeioJ
566 4217 598 4268 Io
617 4219 727 4271 condato
747 4219 855 4285 Samnii,
