<?xml version="1.0" encoding="UTF-8"?>
<!DOCTYPE html PUBLIC "-//W3C//DTD XHTML 1.0 Transitional//EN"
    "http://www.w3.org/TR/xhtml1/DTD/xhtml1-transitional.dtd">
<html xmlns="http://www.w3.org/1999/xhtml" xml:lang="en" lang="en">
 <head>
  <title>
</title>
<meta http-equiv="Content-Type" content="text/html;charset=utf-8" />
  <meta name='ocr-system' content='tesseract 3.04.00' />
  <meta name='ocr-capabilities' content='ocr_page ocr_carea ocr_par ocr_line ocrx_word'/>
</head>
<body>
  <div class='ocr_page' id='page_1' title='image "./tliviipatavinih06rupegoog/tliviipatavinih06rupegoog_0078.png"; bbox 0 0 3150 4942; ppageno 0'>
   <div class='ocr_carea' id='block_1_1' title="bbox 274 373 897 440">
    <p class='ocr_par' dir='ltr' id='par_1_1' title="bbox 274 373 897 440">
     <span class='ocr_line' id='line_1_1' title="bbox 274 373 897 440; baseline 0.01 -12"><span class='ocrx_word' id='word_1_1' title='bbox 274 373 341 440; x_wconf 79' lang='lat'><strong>992</strong></span> <span class='ocrx_word' id='word_1_2' title='bbox 744 387 777 432; x_wconf 81' lang='lat' dir='ltr'><strong>r.</strong></span> <span class='ocrx_word' id='word_1_3' title='bbox 804 386 897 434; x_wconf 80' lang='lat' dir='ltr'><strong>nrvrt</strong></span> 
     </span>
    </p>
   </div>
   <div class='ocr_carea' id='block_1_2' title="bbox 226 529 1382 2836">
    <p class='ocr_par' dir='ltr' id='par_1_2' title="bbox 275 529 1382 1825">
     <span class='ocr_line' id='line_1_2' title="bbox 275 529 1373 613; baseline -0.002 -17"><span class='ocrx_word' id='word_1_4' title='bbox 275 531 356 596; x_wconf 88' lang='lat' dir='ltr'><strong>dum</strong></span> <span class='ocrx_word' id='word_1_5' title='bbox 378 529 469 612; x_wconf 90' lang='lat' dir='ltr'><strong>plebi</strong></span> <span class='ocrx_word' id='word_1_6' title='bbox 491 529 561 595; x_wconf 88' lang='lat' dir='ltr'><strong>lieri</strong></span> <span class='ocrx_word' id='word_1_7' title='bbox 580 529 675 613; x_wconf 88' lang='lat' dir='ltr'><strong>passi</strong></span> <span class='ocrx_word' id='word_1_8' title='bbox 699 535 786 594; x_wconf 85' lang='lat' dir='ltr'><strong>sunt.</strong></span> <span class='ocrx_word' id='word_1_9' title='bbox 830 529 973 613; x_wconf 85' lang='lat' dir='ltr'><strong>Jamque</strong></span> <span class='ocrx_word' id='word_1_10' title='bbox 985 529 1107 594; x_wconf 81' lang='lat' dir='ltr'><strong>trustra</strong></span> <span class='ocrx_word' id='word_1_11' title='bbox 1121 547 1214 612; x_wconf 79' lang='lat' dir='ltr'><strong>saepe</strong></span> <span class='ocrx_word' id='word_1_12' title='bbox 1229 529 1373 594; x_wconf 89' lang='lat' dir='ltr'><strong>concilio</strong></span> 
     </span>
     <span class='ocr_line' id='line_1_3' title="bbox 276 631 1382 716; baseline -0.003 -20"><span class='ocrx_word' id='word_1_13' title='bbox 276 634 454 707; x_wconf 83' lang='lat' dir='ltr'><strong>advocato,</strong></span> <span class='ocrx_word' id='word_1_14' title='bbox 482 650 559 695; x_wconf 87' lang='lat' dir='ltr'><strong>cum</strong></span> <span class='ocrx_word' id='word_1_15' title='bbox 590 650 650 716; x_wconf 85' lang='lat' dir='ltr'><strong>pro</strong></span> <span class='ocrx_word' id='word_1_16' title='bbox 676 632 859 714; x_wconf 91' lang='lat' dir='ltr'><strong>antiquatis</strong></span> <span class='ocrx_word' id='word_1_17' title='bbox 885 633 1075 713; x_wconf 77' lang='lat' dir='ltr'><strong>rogationes</strong></span> <span class='ocrx_word' id='word_1_18' title='bbox 1099 637 1220 708; x_wconf 88' lang='lat' dir='ltr'><strong>esseut,</strong></span> <span class='ocrx_word' id='word_1_19' title='bbox 1251 631 1382 695; x_wconf 78' lang='lat' dir='ltr'><strong>‘Beue</strong></span> 
     </span>
     <span class='ocr_line' id='line_1_4' title="bbox 275 731 1376 818; baseline -0.001 -21"><span class='ocrx_word' id='word_1_20' title='bbox 275 731 400 810; x_wconf 68' lang='lat' dir='ltr'><strong>haber:</strong></span> <span class='ocrx_word' id='word_1_21' title='bbox 425 734 533 816; x_wconf 85' lang='lat' dir='ltr'><strong>inquit</strong></span> <span class='ocrx_word' id='word_1_22' title='bbox 557 733 716 812; x_wconf 87' lang='lat' dir='ltr'><strong>Sextius;</strong></span> <span class='ocrx_word' id='word_1_23' title='bbox 738 733 1036 818; x_wconf 87' lang='lat' dir='ltr'><strong>‘quandoquidem</strong></span> <span class='ocrx_word' id='word_1_24' title='bbox 1060 739 1186 797; x_wconf 92' lang='lat' dir='ltr'><strong>tautum</strong></span> <span class='ocrx_word' id='word_1_25' title='bbox 1212 736 1376 798; x_wconf 86' lang='lat' dir='ltr'><strong>interces-</strong></span> 
     </span>
     <span class='ocr_line' id='line_1_5' title="bbox 275 833 1375 918; baseline -0.001 -19"><span class='ocrx_word' id='word_1_26' title='bbox 275 833 400 899; x_wconf 84' lang='lat' dir='ltr'><strong>sionem</strong></span> <span class='ocrx_word' id='word_1_27' title='bbox 430 835 556 917; x_wconf 88' lang='lat' dir='ltr'><strong>pollere</strong></span> <span class='ocrx_word' id='word_1_28' title='bbox 584 834 709 918; x_wconf 89' lang='lat' dir='ltr'><strong>placet,</strong></span> <span class='ocrx_word' id='word_1_29' title='bbox 735 837 801 898; x_wconf 87' lang='lat' dir='ltr'><strong>isto</strong></span> <span class='ocrx_word' id='word_1_30' title='bbox 830 837 908 916; x_wconf 91' lang='lat' dir='ltr'><strong>ipso</strong></span> <span class='ocrx_word' id='word_1_31' title='bbox 934 835 1002 899; x_wconf 89' lang='lat' dir='ltr'><strong>telo</strong></span> <span class='ocrx_word' id='word_1_32' title='bbox 1025 836 1206 899; x_wconf 76' lang='lat' dir='ltr'><strong>tutabimur</strong></span> <span class='ocrx_word' id='word_1_33' title='bbox 1230 835 1375 918; x_wconf 81' lang='lat' dir='ltr'><strong>plebem.</strong></span> 
     </span>
     <span class='ocr_line' id='line_1_6' title="bbox 276 934 1375 1017; baseline -0.001 -18"><span class='ocrx_word' id='word_1_34' title='bbox 276 934 468 1017; x_wconf 84' lang='lat' dir='ltr'><strong>Agitedum,</strong></span> <span class='ocrx_word' id='word_1_35' title='bbox 491 935 630 999; x_wconf 88' lang='lat' dir='ltr'><strong>comitia</strong></span> <span class='ocrx_word' id='word_1_36' title='bbox 651 935 801 1012; x_wconf 84' lang='lat' dir='ltr'><strong>indicite,</strong></span> <span class='ocrx_word' id='word_1_37' title='bbox 824 937 955 1012; x_wconf 88' lang='lat' dir='ltr'><strong>Patres,</strong></span> <span class='ocrx_word' id='word_1_38' title='bbox 978 934 1119 999; x_wconf 87' lang='lat' dir='ltr'><strong>tribunis</strong></span> <span class='ocrx_word' id='word_1_39' title='bbox 1141 935 1282 998; x_wconf 89' lang='lat' dir='ltr'><strong>militurn</strong></span> <span class='ocrx_word' id='word_1_40' title='bbox 1304 953 1375 998; x_wconf 87' lang='lat' dir='ltr'><strong>cre·</strong></span> 
     </span>
     <span class='ocr_line' id='line_1_7' title="bbox 277 1035 1378 1118; baseline -0.001 -18"><span class='ocrx_word' id='word_1_41' title='bbox 277 1035 386 1100; x_wconf 89' lang='lat' dir='ltr'><strong>andis.</strong></span> <span class='ocrx_word' id='word_1_42' title='bbox 431 1035 540 1110; x_wconf 85' lang='lat' dir='ltr'><strong>Faxo,</strong></span> <span class='ocrx_word' id='word_1_43' title='bbox 566 1055 608 1099; x_wconf 87' lang='lat' dir='ltr'><strong>ue</strong></span> <span class='ocrx_word' id='word_1_44' title='bbox 627 1035 722 1118; x_wconf 85' lang='lat' dir='ltr'><strong>juvet</strong></span> <span class='ocrx_word' id='word_1_45' title='bbox 745 1055 814 1100; x_wconf 81' lang='lat' dir='ltr'><strong>vox</strong></span> <span class='ocrx_word' id='word_1_46' title='bbox 836 1037 905 1100; x_wconf 89' lang='lat' dir='ltr'><strong>ista</strong></span> <span class='ocrx_word' id='word_1_47' title='bbox 929 1052 1038 1114; x_wconf 76' lang='lat' dir='ltr'><strong>varo,</strong></span> <span class='ocrx_word' id='word_1_48' title='bbox 1062 1055 1132 1118; x_wconf 91' lang='lat' dir='ltr'><strong>qua</strong></span> <span class='ocrx_word' id='word_1_49' title='bbox 1153 1054 1240 1100; x_wconf 88' lang='lat' dir='ltr'><strong>nunc</strong></span> <span class='ocrx_word' id='word_1_50' title='bbox 1264 1037 1378 1099; x_wconf 82' lang='lat' dir='ltr'><strong>couci·</strong></span> 
     </span>
     <span class='ocr_line' id='line_1_8' title="bbox 275 1135 1375 1219; baseline 0.002 -20"><span class='ocrx_word' id='word_1_51' title='bbox 275 1145 392 1200; x_wconf 85' lang='lat' dir='ltr'><strong>nentes</strong></span> <span class='ocrx_word' id='word_1_52' title='bbox 416 1137 564 1219; x_wconf 84' lang='lat' dir='ltr'><strong>collegas</strong></span> <span class='ocrx_word' id='word_1_53' title='bbox 578 1143 722 1201; x_wconf 85' lang='lat' dir='ltr'><strong>¹nostros</strong></span> <span class='ocrx_word' id='word_1_54' title='bbox 749 1144 818 1200; x_wconf 85' lang='lat' dir='ltr'><strong>taur</strong></span> <span class='ocrx_word' id='word_1_55' title='bbox 846 1136 917 1201; x_wconf 83' lang='lat' dir='ltr'><strong>laeti</strong></span> <span class='ocrx_word' id='word_1_56' title='bbox 945 1135 1090 1201; x_wconf 71' lang='lat' dir='ltr'><strong>auditis!</strong></span> <span class='ocrx_word' id='word_1_57' title='bbox 1142 1135 1245 1199; x_wconf 86' lang='lat' dir='ltr'><strong>Haud</strong></span> <span class='ocrx_word' id='word_1_58' title='bbox 1273 1135 1375 1201; x_wconf 79' lang='lat' dir='ltr'><strong>irritae</strong></span> 
     </span>
     <span class='ocr_line' id='line_1_9' title="bbox 278 1237 1374 1320; baseline -0.003 -18"><span class='ocrx_word' id='word_1_59' title='bbox 278 1238 428 1302; x_wconf 87' lang='lat' dir='ltr'><strong>cecidere</strong></span> <span class='ocrx_word' id='word_1_60' title='bbox 451 1240 572 1303; x_wconf 86' lang='lat' dir='ltr'><strong>minae:</strong></span> <span class='ocrx_word' id='word_1_61' title='bbox 595 1239 743 1313; x_wconf 82' lang='lat' dir='ltr'><strong>comitia,</strong></span> <span class='ocrx_word' id='word_1_62' title='bbox 767 1244 888 1320; x_wconf 80' lang='lat' dir='ltr'><strong>praeter</strong></span> <span class='ocrx_word' id='word_1_63' title='bbox 908 1237 1076 1301; x_wconf 84' lang='lat' dir='ltr'><strong>sedilium·</strong></span> <span class='ocrx_word' id='word_1_64' title='bbox 1098 1237 1374 1320; x_wconf 84' lang='lat' dir='ltr'><strong>tribunorumque</strong></span> 
     </span>
     <span class='ocr_line' id='line_1_10' title="bbox 275 1337 1375 1422; baseline -0.002 -20"><span class='ocrx_word' id='word_1_65' title='bbox 275 1339 399 1422; x_wconf 87' lang='lat' dir='ltr'><strong>plebis,</strong></span> <span class='ocrx_word' id='word_1_66' title='bbox 419 1339 523 1402; x_wconf 77' lang='lat' dir='ltr'><strong>¹nulla</strong></span> <span class='ocrx_word' id='word_1_67' title='bbox 552 1345 630 1402; x_wconf 87' lang='lat' dir='ltr'><strong>sunt</strong></span> <span class='ocrx_word' id='word_1_68' title='bbox 656 1337 782 1403; x_wconf 87' lang='lat' dir='ltr'><strong>habita.</strong></span> <span class='ocrx_word' id='word_1_69' title='bbox 827 1337 980 1401; x_wconf 87' lang='lat' dir='ltr'><strong>Licinius</strong></span> <span class='ocrx_word' id='word_1_70' title='bbox 1008 1337 1221 1420; x_wconf 81' lang='lat' dir='ltr'><strong>Sextiusque,</strong></span> <span class='ocrx_word' id='word_1_71' title='bbox 1248 1337 1375 1401; x_wconf 87' lang='lat' dir='ltr'><strong>tribuni</strong></span> 
     </span>
     <span class='ocr_line' id='line_1_11' title="bbox 277 1437 1378 1522; baseline -0.001 -20"><span class='ocrx_word' id='word_1_72' title='bbox 277 1440 388 1522; x_wconf 87' lang='lat' dir='ltr'><strong>plebis</strong></span> <span class='ocrx_word' id='word_1_73' title='bbox 418 1438 561 1516; x_wconf 59' lang='lat' dir='ltr'><strong>resecti?</strong></span> <span class='ocrx_word' id='word_1_74' title='bbox 576 1438 699 1502; x_wconf 84' lang='lat' dir='ltr'><strong>nullos</strong></span> <span class='ocrx_word' id='word_1_75' title='bbox 733 1439 867 1504; x_wconf 86' lang='lat' dir='ltr'><strong>curules</strong></span> <span class='ocrx_word' id='word_1_76' title='bbox 900 1440 1112 1521; x_wconf 72' lang='lat' dir='ltr'><strong>magistratus</strong></span> <span class='ocrx_word' id='word_1_77' title='bbox 1141 1440 1247 1502; x_wconf 87' lang='lat' dir='ltr'><strong>creari</strong></span> <span class='ocrx_word' id='word_1_78' title='bbox 1279 1437 1378 1520; x_wconf 86' lang='lat' dir='ltr'><strong>passi</strong></span> 
     </span>
     <span class='ocr_line' id='line_1_12' title="bbox 278 1537 1375 1623; baseline -0.002 -19"><span class='ocrx_word' id='word_1_79' title='bbox 278 1547 366 1605; x_wconf 84' lang='lat' dir='ltr'><strong>sunt.</strong></span> <span class='ocrx_word' id='word_1_80' title='bbox 419 1539 536 1623; x_wconf 87' lang='lat' dir='ltr'><strong>anue</strong></span> <span class='ocrx_word' id='word_1_81' title='bbox 558 1539 710 1604; x_wconf 86' lang='lat' dir='ltr'><strong>solitudo</strong></span> <span class='ocrx_word' id='word_1_82' title='bbox 733 1541 998 1621; x_wconf 82' lang='lat' dir='ltr'><strong>magistratuum,</strong></span> <span class='ocrx_word' id='word_1_83' title='bbox 1020 1546 1056 1603; x_wconf 87' lang='lat' dir='ltr'><strong>et</strong></span> <span class='ocrx_word' id='word_1_84' title='bbox 1079 1539 1182 1622; x_wconf 85' lang='lat' dir='ltr'><strong>plebe</strong></span> <span class='ocrx_word' id='word_1_85' title='bbox 1204 1537 1375 1602; x_wconf 83' lang='lat' dir='ltr'><strong>reficiente</strong></span> 
     </span>
     <span class='ocr_line' id='line_1_13' title="bbox 278 1639 1376 1712; baseline 0 -10"><span class='ocrx_word' id='word_1_86' title='bbox 278 1640 362 1703; x_wconf 84' lang='lat' dir='ltr'><strong>dnos</strong></span> <span class='ocrx_word' id='word_1_87' title='bbox 385 1643 544 1712; x_wconf 86' lang='lat' dir='ltr'><strong>tribunos,</strong></span> <span class='ocrx_word' id='word_1_88' title='bbox 558 1649 591 1706; x_wconf 86' lang='lat' dir='ltr'><strong>et</strong></span> <span class='ocrx_word' id='word_1_89' title='bbox 612 1641 664 1704; x_wconf 88' lang='lat' dir='ltr'><strong>bis</strong></span> <span class='ocrx_word' id='word_1_90' title='bbox 686 1643 824 1706; x_wconf 88' lang='lat' dir='ltr'><strong>comitia</strong></span> <span class='ocrx_word' id='word_1_91' title='bbox 844 1642 1051 1706; x_wconf 86' lang='lat' dir='ltr'><strong>tribunorum</strong></span> <span class='ocrx_word' id='word_1_92' title='bbox 1073 1640 1214 1705; x_wconf 90' lang='lat' dir='ltr'><strong>militum</strong></span> <span class='ocrx_word' id='word_1_93' title='bbox 1229 1639 1376 1704; x_wconf 88' lang='lat' dir='ltr'><strong>tollenti·</strong></span> 
     </span>
     <span class='ocr_line' id='line_1_14' title="bbox 277 1736 1021 1825; baseline 0.003 -21"><span class='ocrx_word' id='word_1_94' title='bbox 277 1741 353 1815; x_wconf 91' lang='lat' dir='ltr'><strong>bus,</strong></span> <span class='ocrx_word' id='word_1_95' title='bbox 368 1761 427 1825; x_wconf 90' lang='lat' dir='ltr'><strong>per</strong></span> <span class='ocrx_word' id='word_1_96' title='bbox 441 1736 718 1825; x_wconf 74' lang='lat' dir='ltr'><strong>quinquenuinm²</strong></span> <span class='ocrx_word' id='word_1_97' title='bbox 733 1741 858 1807; x_wconf 84' lang='lat' dir='ltr'><strong>Urbem</strong></span> <span class='ocrx_word' id='word_1_98' title='bbox 875 1743 1021 1806; x_wconf 79' lang='lat' dir='ltr'><strong>tenuit¹⁴</strong></span> 
     </span>
    </p>

    <p class='ocr_par' dir='ltr' id='par_1_3' title="bbox 226 1843 1376 2836">
     <span class='ocr_line' id='line_1_15' title="bbox 320 1843 1376 1929; baseline -0.002 -21"><span class='ocrx_word' id='word_1_99' title='bbox 320 1844 374 1909; x_wconf 83' lang='grc'><strong>36.</strong></span> <span class='ocrx_word' id='word_1_100' title='bbox 397 1843 476 1908; x_wconf 87' lang='lat' dir='ltr'><strong>Alia</strong></span> <span class='ocrx_word' id='word_1_101' title='bbox 488 1845 579 1909; x_wconf 89' lang='lat' dir='ltr'><strong>bella</strong></span> <span class='ocrx_word' id='word_1_102' title='bbox 593 1845 780 1926; x_wconf 88' lang='lat' dir='ltr'><strong>opportune</strong></span> <span class='ocrx_word' id='word_1_103' title='bbox 795 1847 973 1929; x_wconf 79' lang='lat' dir='ltr'><strong>quievere:</strong></span> <span class='ocrx_word' id='word_1_104' title='bbox 994 1843 1153 1909; x_wconf 82' lang='lat' dir='ltr'><strong>Veliterni</strong></span> <span class='ocrx_word' id='word_1_105' title='bbox 1167 1843 1289 1921; x_wconf 86' lang='lat' dir='ltr'><strong>coloni,</strong></span> <span class='ocrx_word' id='word_1_106' title='bbox 1302 1863 1376 1924; x_wconf 87' lang='lat' dir='ltr'><strong>ges·</strong></span> 
     </span>
     <span class='ocr_line' id='line_1_16' title="bbox 277 1945 1374 2028; baseline 0 -21"><span class='ocrx_word' id='word_1_107' title='bbox 277 1945 401 2008; x_wconf 89' lang='lat' dir='ltr'><strong>tientes</strong></span> <span class='ocrx_word' id='word_1_108' title='bbox 416 1945 498 2022; x_wconf 89' lang='lat' dir='ltr'><strong>otio,</strong></span> <span class='ocrx_word' id='word_1_109' title='bbox 513 1946 602 2028; x_wconf 90' lang='lat' dir='ltr'><strong>quod</strong></span> <span class='ocrx_word' id='word_1_110' title='bbox 616 1945 727 2010; x_wconf 87' lang='lat' dir='ltr'><strong>nullus</strong></span> <span class='ocrx_word' id='word_1_111' title='bbox 737 1947 906 2012; x_wconf 82' lang='lat' dir='ltr'><strong>exercitus</strong></span> <span class='ocrx_word' id='word_1_112' title='bbox 918 1945 1094 2010; x_wconf 87' lang='lat' dir='ltr'><strong>Romanus</strong></span> <span class='ocrx_word' id='word_1_113' title='bbox 1105 1953 1203 2021; x_wconf 89' lang='lat' dir='ltr'><strong>esset,</strong></span> <span class='ocrx_word' id='word_1_114' title='bbox 1215 1952 1251 2009; x_wconf 84' lang='lat' dir='ltr'><strong>et</strong></span> <span class='ocrx_word' id='word_1_115' title='bbox 1261 1963 1374 2026; x_wconf 74' lang='lat' dir='ltr'><strong>ugrum</strong></span> 
     </span>
     <span class='ocr_line' id='line_1_17' title="bbox 279 2044 1375 2129; baseline 0 -20"><span class='ocrx_word' id='word_1_116' title='bbox 279 2044 469 2110; x_wconf 83' lang='lat' dir='ltr'><strong>Romanum</strong></span> <span class='ocrx_word' id='word_1_117' title='bbox 492 2045 670 2128; x_wconf 77' lang='lat' dir='ltr'><strong>aliquoties</strong></span> <span class='ocrx_word' id='word_1_118' title='bbox 692 2047 914 2125; x_wconf 86' lang='lat' dir='ltr'><strong>incursavere,</strong></span> <span class='ocrx_word' id='word_1_119' title='bbox 929 2055 964 2110; x_wconf 90' lang='lat' dir='ltr'><strong>et</strong></span> <span class='ocrx_word' id='word_1_120' title='bbox 978 2047 1164 2112; x_wconf 82' lang='lat' dir='ltr'><strong>Tusculum</strong></span> <span class='ocrx_word' id='word_1_121' title='bbox 1176 2063 1375 2129; x_wconf 81' lang='lat' dir='ltr'><strong>oppugnare</strong></span> 
     </span>
     <span class='ocr_line' id='line_1_18' title="bbox 277 2146 1375 2233; baseline 0 -23"><span class='ocrx_word' id='word_1_122' title='bbox 277 2146 385 2212; x_wconf 80' lang='lat' dir='ltr'><strong>adorti</strong></span> <span class='ocrx_word' id='word_1_123' title='bbox 408 2154 494 2211; x_wconf 85' lang='lat' dir='ltr'><strong>sunt.</strong></span> <span class='ocrx_word' id='word_1_124' title='bbox 539 2147 655 2233; x_wconf 89' lang='lat' dir='ltr'><strong>anue</strong></span> <span class='ocrx_word' id='word_1_125' title='bbox 671 2169 732 2225; x_wconf 82' lang='lat' dir='ltr'><strong>ses,</strong></span> <span class='ocrx_word' id='word_1_126' title='bbox 748 2149 954 2214; x_wconf 78' lang='lat' dir='ltr'><strong>Tusculanis</strong></span> <span class='ocrx_word' id='word_1_127' title='bbox 967 2149 1132 2214; x_wconf 86' lang='lat' dir='ltr'><strong>veteribus</strong></span> <span class='ocrx_word' id='word_1_128' title='bbox 1146 2148 1260 2224; x_wconf 85' lang='lat' dir='ltr'><strong>sociis,</strong></span> <span class='ocrx_word' id='word_1_129' title='bbox 1274 2147 1375 2211; x_wconf 84' lang='lat' dir='ltr'><strong>novis</strong></span> 
     </span>
     <span class='ocr_line' id='line_1_19' title="bbox 278 2245 1376 2332; baseline 0.002 -22"><span class='ocrx_word' id='word_1_130' title='bbox 278 2247 425 2324; x_wconf 79' lang='lat' dir='ltr'><strong>civibus,</strong></span> <span class='ocrx_word' id='word_1_131' title='bbox 443 2266 541 2332; x_wconf 89' lang='lat' dir='ltr'><strong>opem</strong></span> <span class='ocrx_word' id='word_1_132' title='bbox 559 2245 956 2327; x_wconf 75' lang='lat' dir='ltr'><strong>orantibus‚&#39;verecuu‹lia</strong></span> <span class='ocrx_word' id='word_1_133' title='bbox 969 2251 1149 2314; x_wconf 58' lang='lat' dir='ltr'><strong>maximas</strong></span> <span class='ocrx_word' id='word_1_134' title='bbox 1171 2269 1234 2313; x_wconf 91' lang='lat' dir='ltr'><strong>non</strong></span> <span class='ocrx_word' id='word_1_135' title='bbox 1254 2249 1376 2313; x_wconf 83' lang='lat' dir='ltr'><strong>Patres</strong></span> 
     </span>
     <span class='ocr_line' id='line_1_20' title="bbox 277 2346 1375 2432; baseline 0.001 -22"><span class='ocrx_word' id='word_1_136' title='bbox 277 2348 392 2425; x_wconf 89' lang='lat' dir='ltr'><strong>modo,</strong></span> <span class='ocrx_word' id='word_1_137' title='bbox 414 2349 473 2412; x_wconf 89' lang='lat' dir='ltr'><strong>sed</strong></span> <span class='ocrx_word' id='word_1_138' title='bbox 500 2350 600 2414; x_wconf 90' lang='lat' dir='ltr'><strong>etiam</strong></span> <span class='ocrx_word' id='word_1_139' title='bbox 624 2351 765 2432; x_wconf 84' lang='lat' dir='ltr'><strong>plebem,</strong></span> <span class='ocrx_word' id='word_1_140' title='bbox 790 2350 906 2414; x_wconf 80' lang='lat' dir='ltr'><strong>movit</strong></span> <span class='ocrx_word' id='word_1_141' title='bbox 950 2350 1207 2415; x_wconf 81' lang='lat' dir='ltr'><strong>Remitteutibus</strong></span> <span class='ocrx_word' id='word_1_142' title='bbox 1230 2346 1375 2413; x_wconf 90' lang='lat' dir='ltr'><strong>tribunis</strong></span> 
     </span>
     <span class='ocr_line' id='line_1_21' title="bbox 278 2448 1374 2534; baseline 0.002 -22"><span class='ocrx_word' id='word_1_143' title='bbox 278 2449 416 2532; x_wconf 61' lang='lat' dir='ltr'><strong>plebis·</strong></span> <span class='ocrx_word' id='word_1_144' title='bbox 438 2449 575 2513; x_wconf 87' lang='lat' dir='ltr'><strong>comitia</strong></span> <span class='ocrx_word' id='word_1_145' title='bbox 598 2469 655 2532; x_wconf 88' lang='lat' dir='ltr'><strong>per</strong></span> <span class='ocrx_word' id='word_1_146' title='bbox 669 2452 863 2531; x_wconf 87' lang='lat' dir='ltr'><strong>interregem</strong></span> <span class='ocrx_word' id='word_1_147' title='bbox 881 2457 958 2514; x_wconf 93' lang='lat' dir='ltr'><strong>sunt</strong></span> <span class='ocrx_word' id='word_1_148' title='bbox 972 2451 1108 2531; x_wconf 87' lang='lat' dir='ltr'><strong>babita;</strong></span> <span class='ocrx_word' id='word_1_149' title='bbox 1132 2449 1302 2534; x_wconf 86' lang='lat' dir='ltr'><strong>creatique</strong></span> <span class='ocrx_word' id='word_1_150' title='bbox 1317 2448 1374 2514; x_wconf 80' lang='lat' dir='ltr'><strong>tri-</strong></span> 
     </span>
     <span class='ocr_line' id='line_1_22' title="bbox 278 2549 1374 2636; baseline -0.002 -22"><span class='ocrx_word' id='word_1_151' title='bbox 278 2550 360 2614; x_wconf 91' lang='lat' dir='ltr'><strong>buni</strong></span> <span class='ocrx_word' id='word_1_152' title='bbox 382 2550 523 2612; x_wconf 89' lang='lat' dir='ltr'><strong>militum</strong></span> <span class='ocrx_word' id='word_1_153' title='bbox 545 2549 584 2613; x_wconf 83' lang='lat' dir='ltr'><strong>L.</strong></span> <span class='ocrx_word' id='word_1_154' title='bbox 609 2550 739 2624; x_wconf 88' lang='lat' dir='ltr'><strong>Furius,</strong></span> <span class='ocrx_word' id='word_1_155' title='bbox 760 2549 806 2614; x_wconf 86' lang='grc' dir='ltr'><strong>Α.</strong></span> <span class='ocrx_word' id='word_1_156' title='bbox 828 2550 986 2629; x_wconf 88' lang='lat' dir='ltr'><strong>Manlius,</strong></span> <span class='ocrx_word' id='word_1_157' title='bbox 1010 2552 1080 2616; x_wconf 90' lang='lat' dir='ltr'><strong>Ser.</strong></span> <span class='ocrx_word' id='word_1_158' title='bbox 1097 2551 1280 2636; x_wconf 79' lang='lat' dir='ltr'><strong>Sulpicius,</strong></span> <span class='ocrx_word' id='word_1_159' title='bbox 1302 2550 1374 2613; x_wconf 84' lang='lat' dir='ltr'><strong>Ser.</strong></span> 
     </span>
     <span class='ocr_line' id='line_1_23' title="bbox 226 2649 1374 2736; baseline 0.004 -22"><span class='ocrx_word' id='word_1_160' title='bbox 226 2679 231 2694; x_wconf 94' lang='lat'>·</span> <span class='ocrx_word' id='word_1_161' title='bbox 279 2649 1374 2736; x_wconf 80' lang='lat' dir='ltr'><strong>Cornelius,l&#39;.etC.Valerii,rhaudquaquamtamobedientemin</strong></span> 
     </span>
     <span class='ocr_line' id='line_1_24' title="bbox 278 2749 1374 2836; baseline 0.002 -22"><span class='ocrx_word' id='word_1_162' title='bbox 278 2749 421 2830; x_wconf 87' lang='lat' dir='ltr'><strong>delectu,</strong></span> <span class='ocrx_word' id='word_1_163' title='bbox 435 2770 536 2835; x_wconf 90' lang='lat' dir='ltr'><strong>qnam</strong></span> <span class='ocrx_word' id='word_1_164' title='bbox 549 2753 583 2816; x_wconf 93' lang='lat' dir='ltr'><strong>in</strong></span> <span class='ocrx_word' id='word_1_165' title='bbox 597 2753 752 2829; x_wconf 87' lang='lat' dir='ltr'><strong>comitiis,</strong></span> <span class='ocrx_word' id='word_1_166' title='bbox 764 2754 895 2836; x_wconf 88' lang='lat' dir='ltr'><strong>plebem</strong></span> <span class='ocrx_word' id='word_1_167' title='bbox 906 2755 1066 2818; x_wconf 85' lang='lat' dir='ltr'><strong>habuere:</strong></span> <span class='ocrx_word' id='word_1_168' title='bbox 1090 2754 1280 2836; x_wconf 86' lang='lat' dir='ltr'><strong>ingentique</strong></span> <span class='ocrx_word' id='word_1_169' title='bbox 1293 2770 1374 2816; x_wconf 89' lang='lat' dir='ltr'><strong>con·</strong></span> 
     </span>
    </p>
   </div>
   <div class='ocr_carea' id='block_1_3' title="bbox 311 2958 918 3024">
    <p class='ocr_par' dir='ltr' id='par_1_4' title="bbox 311 2958 918 3024">
     <span class='ocr_line' id='line_1_25' title="bbox 311 2958 918 3024; baseline 0.012 -17"><span class='ocrx_word' id='word_1_170' title='bbox 311 2966 324 2990; x_wconf 78' lang='lat'><strong>’⁸</strong></span> <span class='ocrx_word' id='word_1_171' title='bbox 343 2958 454 3010; x_wconf 77' lang='lat' dir='ltr'><strong>Tribunis</strong></span> <span class='ocrx_word' id='word_1_172' title='bbox 463 2959 538 3024; x_wconf 78' lang='lat' dir='ltr'><strong>piebis</strong></span> <span class='ocrx_word' id='word_1_173' title='bbox 548 2961 738 3011; x_wconf 67' lang='lat' dir='ltr'><strong>renuntiantibus</strong></span> <span class='ocrx_word' id='word_1_174' title='bbox 747 2962 918 3014; x_wconf 79' lang='lat' dir='ltr'><strong>intercessioni.</strong></span> 
     </span>
    </p>
   </div>
   <div class='ocr_carea' id='block_1_4' title="bbox 735 3106 917 3129">
    <p class='ocr_par' dir='ltr' id='par_1_5' title="bbox 735 3106 917 3129">
     <span class='ocr_line' id='line_1_26' title="bbox 735 3106 917 3129; baseline 0.005 -3"><span class='ocrx_word' id='word_1_175' title='bbox 735 3106 917 3129; x_wconf 66' lang='lat' dir='ltr'><strong>eumenen</strong></span> 
     </span>
    </p>
   </div>
   <div class='ocr_carea' id='block_1_5' title="bbox 278 3201 1377 4121">
    <p class='ocr_par' dir='ltr' id='par_1_6' title="bbox 279 3201 1094 3402">
     <span class='ocr_line' id='line_1_27' title="bbox 279 3201 1094 3270; baseline 0.005 -18"><span class='ocrx_word' id='word_1_176' title='bbox 279 3201 345 3252; x_wconf 84' lang='lat' dir='ltr'><strong>Tun.</strong></span> <span class='ocrx_word' id='word_1_177' title='bbox 356 3201 442 3251; x_wconf 80' lang='lat' dir='ltr'><strong>Faber</strong></span> <span class='ocrx_word' id='word_1_178' title='bbox 452 3201 672 3264; x_wconf 71' lang='lat' dir='ltr'><strong>trepidarent—lt</strong></span> <span class='ocrx_word' id='word_1_179' title='bbox 690 3203 767 3268; x_wconf 87' lang='lat' dir='ltr'><strong>Couj.</strong></span> <span class='ocrx_word' id='word_1_180' title='bbox 777 3205 889 3270; x_wconf 85' lang='lat' dir='ltr'><strong>Rupert.</strong></span> <span class='ocrx_word' id='word_1_181' title='bbox 899 3207 925 3257; x_wconf 86' lang='lat' dir='ltr'><strong>in</strong></span> <span class='ocrx_word' id='word_1_182' title='bbox 937 3206 1001 3257; x_wconf 84' lang='lat' dir='ltr'><strong>Urbe</strong></span> <span class='ocrx_word' id='word_1_183' title='bbox 1010 3207 1094 3256; x_wconf 73' lang='lat' dir='ltr'><strong>tenuit</strong></span> 
     </span>
     <span class='ocr_line' id='line_1_28' title="bbox 772 3351 879 3402; baseline 0 0"><span class='ocrx_word' id='word_1_184' title='bbox 772 3351 879 3402; x_wconf 68' lang='lat' dir='ltr'><strong>Nom</strong></span> 
     </span>
    </p>

    <p class='ocr_par' dir='ltr' id='par_1_7' title="bbox 311 3451 1376 3529">
     <span class='ocr_line' id='line_1_29' title="bbox 311 3451 1376 3529; baseline 0.004 -21"><span class='ocrx_word' id='word_1_185' title='bbox 311 3467 321 3492; x_wconf 81' lang='lat'>⁸</span> <span class='ocrx_word' id='word_1_186' title='bbox 337 3458 467 3520; x_wconf 79' lang='lat' dir='ltr'><strong>AEdiliun]</strong></span> <span class='ocrx_word' id='word_1_187' title='bbox 485 3459 661 3510; x_wconf 85' lang='lat' dir='ltr'><strong>Plebeiorum.</strong></span> <span class='ocrx_word' id='word_1_188' title='bbox 848 3465 1002 3528; x_wconf 84' lang='lat' dir='ltr'><strong>giutrutibns</strong></span> <span class='ocrx_word' id='word_1_189' title='bbox 1012 3467 1091 3516; x_wconf 82' lang='lat' dir='ltr'><strong>Romu</strong></span> <span class='ocrx_word' id='word_1_190' title='bbox 1104 3464 1155 3515; x_wconf 80' lang='lat' dir='ltr'><strong>fuit</strong></span> <span class='ocrx_word' id='word_1_191' title='bbox 1165 3465 1238 3515; x_wconf 82' lang='lat' dir='ltr'><strong>unuin</strong></span> <span class='ocrx_word' id='word_1_192' title='bbox 1248 3451 1376 3529; x_wconf 74' lang='lat' dir='ltr'><strong>quatuor!</strong></span> 
     </span>
    </p>

    <p class='ocr_par' dir='ltr' id='par_1_8' title="bbox 278 3538 1377 4121">
     <span class='ocr_line' id='line_1_30' title="bbox 311 3538 1375 3605; baseline 0.001 -18"><span class='ocrx_word' id='word_1_193' title='bbox 311 3539 327 3566; x_wconf 74' lang='lat'>⁵</span> <span class='ocrx_word' id='word_1_194' title='bbox 344 3538 378 3587; x_wconf 89' lang='grc' dir='ltr'><strong>Α.</strong></span> <span class='ocrx_word' id='word_1_195' title='bbox 390 3538 423 3587; x_wconf 87' lang='lat' dir='ltr'><strong>U.</strong></span> <span class='ocrx_word' id='word_1_196' title='bbox 435 3538 466 3586; x_wconf 86' lang='lat' dir='ltr'><strong>C.</strong></span> <span class='ocrx_word' id='word_1_197' title='bbox 476 3541 533 3586; x_wconf 81' lang='grc'><strong>878.</strong></span> <span class='ocrx_word' id='word_1_198' title='bbox 544 3539 599 3588; x_wconf 83' lang='lat' dir='ltr'><strong>siue</strong></span> <span class='ocrx_word' id='word_1_199' title='bbox 611 3539 746 3602; x_wconf 73' lang='lat' dir='ltr'><strong>maioribus</strong></span> <span class='ocrx_word' id='word_1_200' title='bbox 756 3554 809 3590; x_wconf 84' lang='lat' dir='ltr'><strong>mu·</strong></span> <span class='ocrx_word' id='word_1_201' title='bbox 848 3540 899 3590; x_wconf 83' lang='lat' dir='ltr'><strong>Seri</strong></span> <span class='ocrx_word' id='word_1_202' title='bbox 910 3541 978 3605; x_wconf 89' lang='lat' dir='ltr'><strong>quod</strong></span> <span class='ocrx_word' id='word_1_203' title='bbox 989 3541 1080 3590; x_wconf 80' lang='lat' dir='ltr'><strong>scribit</strong></span> <span class='ocrx_word' id='word_1_204' title='bbox 1092 3541 1197 3590; x_wconf 68' lang='lat' dir='ltr'><strong>Romu·</strong></span> <span class='ocrx_word' id='word_1_205' title='bbox 1212 3540 1375 3596; x_wconf 76' lang='lat' dir='ltr'><strong>minuente</strong></span> 
     </span>
     <span class='ocr_line' id='line_1_31' title="bbox 279 3613 1377 3678; baseline 0.004 -16"><span class='ocrx_word' id='word_1_206' title='bbox 279 3613 440 3678; x_wconf 81' lang='lat' dir='ltr'><strong>gintratibuu.</strong></span> <span class='ocrx_word' id='word_1_207' title='bbox 849 3615 1377 3673; x_wconf 83' lang='lat' dir='ltr'><strong>subtribuuiumiliturut&#39;niuue,deeotau·</strong></span> 
     </span>
     <span class='ocr_line' id='line_1_32' title="bbox 281 3686 1373 3756; baseline 0.004 -19"><span class='ocrx_word' id='word_1_208' title='bbox 281 3735 285 3742; x_wconf 90' lang='grc'><em>,</em></span> <span class='ocrx_word' id='word_1_209' title='bbox 311 3689 385 3737; x_wconf 63' lang='lat' dir='ltr'><strong>‘Per</strong></span> <span class='ocrx_word' id='word_1_210' title='bbox 405 3686 601 3751; x_wconf 73' lang='lat' dir='ltr'><strong>quinquennium]</strong></span> <span class='ocrx_word' id='word_1_211' title='bbox 620 3688 758 3752; x_wconf 84' lang='lat' dir='ltr'><strong>Eutropius</strong></span> <span class='ocrx_word' id='word_1_212' title='bbox 781 3699 809 3741; x_wconf 86' lang='lat' dir='ltr'><strong>et</strong></span> <span class='ocrx_word' id='word_1_213' title='bbox 849 3700 903 3741; x_wconf 83' lang='lat' dir='ltr'><strong>tam</strong></span> <span class='ocrx_word' id='word_1_214' title='bbox 921 3699 1038 3754; x_wconf 86' lang='lat' dir='ltr'><strong>tempore</strong></span> <span class='ocrx_word' id='word_1_215' title='bbox 1057 3691 1235 3755; x_wconf 84' lang='lat' dir='ltr'><strong>accipiendum</strong></span> <span class='ocrx_word' id='word_1_216' title='bbox 1252 3692 1322 3756; x_wconf 81' lang='lat' dir='ltr'><strong>quod</strong></span> <span class='ocrx_word' id='word_1_217' title='bbox 1340 3707 1373 3741; x_wconf 75' lang='lat' dir='ltr'><strong>ex</strong></span> 
     </span>
     <span class='ocr_line' id='line_1_33' title="bbox 279 3763 1373 3830; baseline 0.003 -16"><span class='ocrx_word' id='word_1_218' title='bbox 279 3763 447 3818; x_wconf 82' lang='lat' dir='ltr'><strong>Cassiodorus</strong></span> <span class='ocrx_word' id='word_1_219' title='bbox 458 3763 518 3812; x_wconf 88' lang='lat' dir='ltr'><strong>huic</strong></span> <span class='ocrx_word' id='word_1_220' title='bbox 531 3763 657 3814; x_wconf 78' lang='lat' dir='ltr'><strong>anarclriae</strong></span> <span class='ocrx_word' id='word_1_221' title='bbox 672 3765 808 3830; x_wconf 82' lang='lat' dir='ltr'><strong>quadricu-</strong></span> <span class='ocrx_word' id='word_1_222' title='bbox 848 3768 964 3830; x_wconf 81' lang='lat' dir='ltr'><strong>patriciis</strong></span> <span class='ocrx_word' id='word_1_223' title='bbox 975 3769 1036 3816; x_wconf 83' lang='lat' dir='ltr'><strong>nolis</strong></span> <span class='ocrx_word' id='word_1_224' title='bbox 1046 3766 1108 3817; x_wconf 82' lang='lat' dir='ltr'><strong>iacti</strong></span> <span class='ocrx_word' id='word_1_225' title='bbox 1120 3768 1247 3830; x_wconf 81' lang='lat' dir='ltr'><strong>ejusmodi</strong></span> <span class='ocrx_word' id='word_1_226' title='bbox 1262 3767 1373 3820; x_wconf 82' lang='lat' dir='ltr'><strong>tribuni:</strong></span> 
     </span>
     <span class='ocr_line' id='line_1_34' title="bbox 278 3839 1375 3906; baseline 0.005 -19"><span class='ocrx_word' id='word_1_227' title='bbox 278 3839 348 3888; x_wconf 87' lang='lat' dir='ltr'><strong>nium</strong></span> <span class='ocrx_word' id='word_1_228' title='bbox 377 3845 477 3888; x_wconf 80' lang='lat' dir='ltr'><strong>tanturn</strong></span> <span class='ocrx_word' id='word_1_229' title='bbox 504 3839 645 3901; x_wconf 79' lang='lat' dir='ltr'><strong>assignant.</strong></span> <span class='ocrx_word' id='word_1_230' title='bbox 687 3840 808 3906; x_wconf 81' lang='lat' dir='ltr'><strong>Itemque</strong></span> <span class='ocrx_word' id='word_1_231' title='bbox 847 3843 917 3892; x_wconf 86' lang='lat' dir='ltr'><strong>uude</strong></span> <span class='ocrx_word' id='word_1_232' title='bbox 933 3850 962 3893; x_wconf 86' lang='lat' dir='ltr'><strong>et</strong></span> <span class='ocrx_word' id='word_1_233' title='bbox 978 3844 1058 3892; x_wconf 82' lang='lat' dir='ltr'><strong>totius</strong></span> <span class='ocrx_word' id='word_1_234' title='bbox 1074 3856 1199 3892; x_wconf 78' lang='lat' dir='ltr'><strong>annornm</strong></span> <span class='ocrx_word' id='word_1_235' title='bbox 1214 3857 1375 3893; x_wconf 69' lang='lat' dir='ltr'><strong>summurn·</strong></span> 
     </span>
     <span class='ocr_line' id='line_1_35' title="bbox 278 3913 1374 3982; baseline 0.003 -18"><span class='ocrx_word' id='word_1_236' title='bbox 278 3915 340 3974; x_wconf 74' lang='lat' dir='ltr'><strong>Ses.</strong></span> <span class='ocrx_word' id='word_1_237' title='bbox 353 3913 435 3964; x_wconf 79' lang='lat' dir='ltr'><strong>Rufus</strong></span> <span class='ocrx_word' id='word_1_238' title='bbox 454 3914 527 3978; x_wconf 83' lang='lat' dir='ltr'><strong>cnjus</strong></span> <span class='ocrx_word' id='word_1_239' title='bbox 546 3915 588 3964; x_wconf 88' lang='lat' dir='ltr'><strong>bic</strong></span> <span class='ocrx_word' id='word_1_240' title='bbox 606 3915 760 3966; x_wconf 76' lang='lat' dir='ltr'><strong>ascribenda</strong></span> <span class='ocrx_word' id='word_1_241' title='bbox 772 3920 807 3968; x_wconf 84' lang='lat' dir='ltr'><strong>vi·</strong></span> <span class='ocrx_word' id='word_1_242' title='bbox 847 3920 946 3982; x_wconf 77' lang='lat' dir='ltr'><strong>genduu</strong></span> <span class='ocrx_word' id='word_1_243' title='bbox 964 3927 1006 3969; x_wconf 86' lang='lat' dir='ltr'><strong>eut</strong></span> <span class='ocrx_word' id='word_1_244' title='bbox 1026 3933 1148 3968; x_wconf 65' lang='lat' dir='ltr'><strong>uumerus</strong></span> <span class='ocrx_word' id='word_1_245' title='bbox 1168 3918 1278 3982; x_wconf 81' lang='lat' dir='ltr'><strong>adjectii</strong></span> <span class='ocrx_word' id='word_1_246' title='bbox 1299 3921 1374 3968; x_wconf 81' lang='lat' dir='ltr'><strong>suuis</strong></span> 
     </span>
     <span class='ocr_line' id='line_1_36' title="bbox 279 3989 1373 4059; baseline 0.005 -21"><span class='ocrx_word' id='word_1_247' title='bbox 279 3989 374 4038; x_wconf 86' lang='lat' dir='ltr'><strong>deutur</strong></span> <span class='ocrx_word' id='word_1_248' title='bbox 385 3989 477 4039; x_wconf 69' lang='lat' dir='ltr'><strong>verber</strong></span> <span class='ocrx_word' id='word_1_249' title='bbox 491 3989 685 4052; x_wconf 76' lang='lat' dir='ltr'><strong>‘Quadraginta</strong></span> <span class='ocrx_word' id='word_1_250' title='bbox 692 3993 807 4058; x_wconf 87' lang='lat' dir='ltr'><strong>quinque</strong></span> <span class='ocrx_word' id='word_1_251' title='bbox 847 3995 939 4059; x_wconf 82' lang='lat' dir='ltr'><strong>quibus</strong></span> <span class='ocrx_word' id='word_1_252' title='bbox 949 4009 982 4044; x_wconf 79' lang='lat' dir='ltr'><strong>er</strong></span> <span class='ocrx_word' id='word_1_253' title='bbox 994 4001 1103 4056; x_wconf 78' lang='lat' dir='ltr'><strong>iitroque</strong></span> <span class='ocrx_word' id='word_1_254' title='bbox 1119 3994 1210 4044; x_wconf 75' lang='lat' dir='ltr'><strong>ordine</strong></span> <span class='ocrx_word' id='word_1_255' title='bbox 1221 3994 1317 4045; x_wconf 80' lang='lat' dir='ltr'><strong>tribuni</strong></span> <span class='ocrx_word' id='word_1_256' title='bbox 1326 3995 1373 4046; x_wconf 82' lang='lat' dir='ltr'><strong>nri·</strong></span> 
     </span>
     <span class='ocr_line' id='line_1_37' title="bbox 279 4064 1022 4121; baseline 0.001 -7"><span class='ocrx_word' id='word_1_257' title='bbox 279 4064 577 4116; x_wconf 77' lang='lat' dir='ltr'><strong>anniuRomncousnles</strong></span> <span class='ocrx_word' id='word_1_258' title='bbox 587 4065 738 4118; x_wconf 79' lang='lat' dir='ltr'><strong>defuerunt:</strong></span> <span class='ocrx_word' id='word_1_259' title='bbox 757 4069 806 4118; x_wconf 85' lang='lat' dir='ltr'><strong>sub</strong></span> <span class='ocrx_word' id='word_1_260' title='bbox 845 4072 919 4121; x_wconf 85' lang='lat' dir='ltr'><strong>litum</strong></span> <span class='ocrx_word' id='word_1_261' title='bbox 930 4070 1022 4120; x_wconf 85' lang='lat' dir='ltr'><strong>creati.</strong></span> 
     </span>
    </p>
   </div>
   <div class='ocr_carea' id='block_1_6' title="bbox 278 4140 1096 4281">
    <p class='ocr_par' dir='ltr' id='par_1_9' title="bbox 278 4140 1096 4281">
     <span class='ocr_line' id='line_1_38' title="bbox 279 4140 1096 4202; baseline 0.002 -12"><span class='ocrx_word' id='word_1_262' title='bbox 279 4140 566 4202; x_wconf 80' lang='lat' dir='ltr'><strong>decemuirir,duobus;</strong></span> <span class='ocrx_word' id='word_1_263' title='bbox 583 4143 630 4192; x_wconf 85' lang='lat' dir='ltr'><strong>unb</strong></span> <span class='ocrx_word' id='word_1_264' title='bbox 642 4144 751 4194; x_wconf 82' lang='lat' dir='ltr'><strong>tribunis</strong></span> <span class='ocrx_word' id='word_1_265' title='bbox 760 4145 806 4194; x_wconf 88' lang='lat' dir='ltr'><strong>rui·</strong></span> <span class='ocrx_word' id='word_1_266' title='bbox 879 4154 890 4201; x_wconf 73' lang='lat' dir='ltr'><strong>r</strong></span> <span class='ocrx_word' id='word_1_267' title='bbox 909 4146 941 4195; x_wconf 82' lang='grc' dir='ltr'><strong>Α.</strong></span> <span class='ocrx_word' id='word_1_268' title='bbox 956 4145 988 4194; x_wconf 87' lang='lat' dir='ltr'><strong>U.</strong></span> <span class='ocrx_word' id='word_1_269' title='bbox 999 4145 1029 4195; x_wconf 86' lang='lat' dir='ltr'><strong>C.</strong></span> <span class='ocrx_word' id='word_1_270' title='bbox 1039 4146 1096 4193; x_wconf 86' lang='grc'><strong>888.</strong></span> 
     </span>
     <span class='ocr_line' id='line_1_39' title="bbox 278 4215 806 4281; baseline -0.009 -13"><span class='ocrx_word' id='word_1_271' title='bbox 278 4215 546 4281; x_wconf 80' lang='lat' dir='ltr'><strong>litum,quudrugiutn</strong></span> <span class='ocrx_word' id='word_1_272' title='bbox 558 4217 658 4278; x_wconf 76' lang='lat' dir='ltr'><strong>tribuu3</strong></span> <span class='ocrx_word' id='word_1_273' title='bbox 676 4219 731 4268; x_wconf 89' lang='lat' dir='ltr'><strong>uiue</strong></span> <span class='ocrx_word' id='word_1_274' title='bbox 753 4233 806 4269; x_wconf 79' lang='lat' dir='ltr'><strong>um.</strong></span> 
     </span>
    </p>
   </div>
   <div class='ocr_carea' id='block_1_7' title="bbox 0 0 1583 4942">
    <p class='ocr_par' dir='ltr' id='par_1_10' title="bbox 0 0 1583 4942">
     <span class='ocr_line' id='line_1_40' title="bbox 0 0 1583 4942; baseline 0 0"><span class='ocrx_word' id='word_1_275' title='bbox 0 0 1583 4942; x_wconf 95' lang='lat' dir='ltr'><strong> </strong></span> 
     </span>
    </p>
   </div>
  </div>
 </body>
</html>
