3150 4942
285 345 369 414 1248
748 361 783 411 u.
807 361 904 411 rrvrr

285 504 346 568 des
363 500 520 567 trucidari
535 503 649 586 empti,
665 501 763 567 sirnnl
775 503 890 569 datum
901 505 1031 585 signnm
1045 501 1192 579 minatis,
1216 508 1255 567 ut
1269 524 1316 569 ex
1326 504 1372 569 in·

285 604 380 668 sidiis
394 613 633 671 concurrerent
677 604 859 688 Ituportee
881 610 1070 687 occupatae,
1095 604 1226 687 triaque
1248 606 1379 689 oppida

286 704 403 769 eadem
418 705 502 770 hora
517 706 698 790 eodemque
714 706 856 771 consilio
871 714 985 788 capta.
1028 705 1110 783 Sed,
1131 706 1213 789 quia
1226 708 1379 771 'absenti-

285 806 351 869 bus
365 805 508 875 dooibus
519 808 668 891 impetus
680 814 733 872 est
747 807 867 883 iactus,
879 808 988 872 nulius
1000 808 1121 873 modus
1132 807 1284 873 coedibus
1299 806 1379 885 iuit3

286 906 462 991 deletaque
488 908 662 973 Ausonum
693 929 786 989 gens,
814 910 873 973 rix
895 924 987 973 certo
1010 908 1209 974 deiectionis
1231 910 1378 986 cumino,

286 1010 424 1092 perinde
439 1030 480 1075 ac
495 1010 525 1075 si
541 1010 743 1075 interneciuo
756 1018 779 1049 ¹¹
803 1010 893 1074 bello
910 1018 1086 1075 certasset.

329 1112 384 1176 26.
409 1110 535 1176 Eodem
559 1130 657 1188 anuo,
683 1111 818 1194 prodito
844 1112 999 1176 hostibus
1025 1110 1181 1176 Romano
1210 1112 1381 1194 prasidio,

288 1210 433 1277 Luceria
447 1212 646 1277 Samnitium
661 1213 762 1278 iacta.
807 1213 884 1279 Neo
900 1214 957 1277 diu
976 1213 1201 1297 proditoribus
1215 1214 1380 1295 impunita

279 1313 431 1387 reeicit.
476 1312 581 1378 Haud
596 1316 714 1398 procui
737 1316 813 1381 iude
828 1315 997 1380 exercitus
1012 1314 1186 1379 Romanus
1206 1322 1298 1378 erat:
1322 1333 1380 1377 cu·

284 1412 342 1496 jus
357 1414 464 1496 primo
480 1415 606 1497 impetu
621 1418 714 1494 urbs,
728 1416 795 1479 sita
808 1417 842 1479 in
857 1417 969 1498 plano,
982 1416 1123 1498 capitur.
1167 1415 1328 1479 Lucerini
1339 1434 1384 1479 ae

279 1513 459 1579 Samnites
474 1514 518 1578 ad
532 1517 791 1581 internecionem
805 1518 899 1580 oaesi.
943 1516 1061 1599 quue
1076 1516 1125 1581 ira
1150 1517 1328 1597 processit,
1347 1521 1386 1579 nt

290 1612 413 1679 Rornae
429 1635 574 1698 quoque,
589 1636 663 1681 cunr
678 1617 720 1681 de
736 1617 866 1681 colonis
879 1626 906 1656 ¹²
927 1616 1095 1683 mittendis
1111 1616 1287 1681 Luceriam
1301 1634 1385 1679 cou-

291 1715 452 1778 suleretur
466 1724 614 1795 serimus,
626 1718 718 1782 multi
732 1717 905 1783 delendam
920 1720 1033 1783 urbem
1048 1724 1232 1782 censerent.
1254 1716 1386 1782 Praeter

274 1888 277 1897 .
293 1813 418 1893 odium,
432 1815 526 1899 quod
547 1817 759 1882 execrabile⁸
780 1818 816 1881 in
831 1819 886 1883 bis
900 1814 1044 1903 captos‘
1062 1824 1143 1896 erat,
1157 1816 1386 1901 longinquitas

290 1934 424 2001 quoque
439 1916 615 1983 abhorrere
629 1936 650 1981 a
664 1918 848 2001 relegandis
863 1924 932 1983 tarn
947 1918 1121 2002 proculab
1136 1917 1239 1981 domo
1250 1918 1385 1982 civibus

291 2018 458 2084 intortam
473 2019 612 2085 infestas
626 2027 740 2101 gentes
755 2020 907 2101 cogebat.
951 2019 1047 2083 Vicit
1070 2025 1180 2083 tamen
1204 2018 1387 2089 sententia,

291 2120 551 2186 dimitterentur
566 2120 690 2187 coloni.
729 2122 808 2185 Duo
823 2120 930 2185 miliia
943 2127 978 2183 et
991 2121 1162 2203 quingenti
1174 2119 1280 2185 missi.
1316 2120 1388 2184 Eo-

292 2220 367 2287 dem
383 2242 482 2301 anno,
504 2243 581 2288 oum
596 2225 707 2289 orunia
720 2222 823 2287 infida
834 2222 998 2287 Romanis
1012 2230 1136 2297 essent,
1154 2220 1285 2306 Capuae
1300 2242 1385 2305 quo-

292 2342 358 2407 que
373 2324 518 2391 ocoultae
533 2325 717 2408 principum
730 2322 975 2407 conjurationes
988 2324 1148 2387 iactae¹³¹
1191 2323 1247 2386 De
1261 2324 1385 2405 quibus

293 2444 368 2489 curn
384 2424 426 2488 ad
441 2432 586 2489 senatum
601 2423 741 2489 relatum
760 2432 860 2501 esset,
881 2423 1139 2506 haudquaquam
1161 2410 1315 2513 neglecta
1333 2442 1387 2487 res

293 2530 356 2587 est.
415 2522 631 2600 Quaestiones
661 2522 818 2601 decretae,
852 2524 1112 2607 dictatoremque
1141 2525 1388 2607 quaestionibus

293 2624 490 2688 exercendis
503 2622 595 2687 dici¹¹
616 2623 756 2707 placuit.
800 2622 839 2687 C.
857 2623 1004 2688 Maenius
1017 2624 1140 2687 dictus.
1183 2623 1221 2687 ls
1234 2622 1286 2688 Μ.
1302 2623 1385 2686 Fos-

292 2722 377 2789 lium
398 2724 592 2806 magistrum
615 2723 765 2807 equitum
789 2723 887 2788 dixit.
932 2723 1053 2805 Ingens
1078 2728 1149 2788 erat
1173 2723 1386 2805 magistratus

294 2824 366 2908 ejus
383 2833 497 2889 terror.
541 2824 663 2908 Itaque
678 2824 750 2889 sire
763 2825 882 2888 timore
896 2826 982 2909 ejus,
1007 2843 1068 2888 seu
1089 2822 1303 2900 couscientia,
1320 2821 1388 2885 Ca-

753 2970 783 2992 00
786 2970 935 2993 'emoneo

295 3052 401 3120 Doujst.
414 3052 593 3105 Oresten-lt
607 3054 808 3106 totana-11
826 3054 977 3105 Isterseeiss
987 3053 1032 3103 iid.

789 3200 895 3252 NOTAE

319 3304 339 3337 ··
357 3297 454 3360 Odisse,
472 3298 533 3359 qaod
555 3296 699 3361 exarabile]
728 3297 826 3348 Odinur
865 3298 946 3359 mani,
954 3297 1027 3361 irujos
1041 3296 1088 3347 lib.
1105 3311 1164 3359 esp.
1176 3299 1216 3345 12.
1231 3297 1298 3347 'ium
1308 3303 1386 3361 cspts

297 3372 444 3423 execrabile
455 3373 532 3438 dixit,
553 3387 601 3436 pro
618 3388 650 3423 eo
671 3389 722 3437 quo
737 3388 826 3438 prose·
865 3374 921 3421 aL.
931 3372 1039 3435 Papirio
1055 3372 1167 3421 Cursore
1181 3385 1240 3435 osp-
1252 3378 1293 3422 iti.
1309 3374 1388 3422 Nunc

297 3448 444 3512 quebsutur
467 3448 574 3497 Remsui
597 3450 750 3511 Luceriuos,
770 3456 827 3499 tsn-
866 3462 924 3497 enm
936 3447 969 3496 sd
980 3447 1107 3496 Samnites
1117 3448 1211 3499 iterum
1226 3448 1388 3511 descivisset,

288 3536 375 3586 quam
397 3522 563 3572 execratione
591 3522 691 3589 dignos.
724 3524 825 3589 Hypsi·
866 3524 967 3573 iliorum
975 3524 1092 3573 exercitu
1100 3538 1179 3588 csso,
1189 3522 1274 3574 denso
1284 3533 1389 3589 recepte

296 3599 365 3661 iuge.
866 3607 914 3649 est.

288 3708 292 3715 .
330 3671 433 3722 ‘Istis
446 3672 537 3736 captos]
562 3672 630 3721 teeti
651 3675 822 3725 Romanorum
894 3683 907 3719 s
935 3676 1041 3724 welto
1062 3673 1197 3737 principuus
1220 3675 1390 3736 «ἠπίη

298 3748 378 3799 fuisse
391 3749 511 3798 dicuntur
530 3748 661 3811 Lucerini,
679 3748 755 3812 trojus
777 3751 822 3800 iib.
856 3751 944 3814 sede]
961 3752 1003 3800 lts
1023 3750 1147 3801 Gelenius
1161 3765 1195 3800 ex
1211 3753 1324 3815 seriptis,
1341 3766 1389 3801 nee

224 3840 226 3843 ·
286 3839 356 3889 esp.
368 3829 392 3874 1.
409 3824 440 3874 ln
451 3826 604 3874 societatem
616 3832 754 3886 venerunt,
768 3826 824 3889 opi·
864 3828 1057 3892 stiteroptirrrsr
1071 3826 1209 3880 editiones.
1242 3827 1314 3878 Aiiss
1323 3837 1389 3893 pste-

298 3914 355 3963 nor,
366 3914 424 3949 curn
444 3900 538 3949 ceteris
557 3899 650 3962 Apulis
668 3906 694 3949 et
706 3900 827 3966 Lucanis,
858 3904 945 3961 smus.

288 3975 333 4023 -de
346 3976 439 4039 quibus
461 3975 503 4023 uu.
523 3987 587 4025 vrrs.
607 3988 665 4038 esp·
682 3980 723 4025 25.
743 3976 826 4028 Penio
898 3977 1117 4042 *Damnaque
1137 3978 1306 4042 qsaests'nitss
1325 3994 1392 4029 eser·

300 4049 519 4111 sute,-veiststirn
536 4056 596 4112 post
607 4064 718 4115 pugnam
731 4052 826 4103 Caudi·
866 4056 945 4105 endis
953 4054 1014 4119 dici]
1026 4054 1391 4118 Hoereronornmtdiets·

299 4138 367 4180 nrm,
378 4125 411 4176 sd
423 4126 550 4176 Samnites
567 4126 695 4179 deiecisse
706 4137 827 4193 oportet;
868 4138 910 4182 ter
920 4131 946 4182 iu
957 4131 983 4182 id
994 4136 1138 4181 crearetur.

301 4198 405 4265 quando
416 4213 447 4247 eo
461 4198 528 4249 rnissi
547 4200 579 4250 ab
599 4201 648 4252 iliis
659 4203 762 4255 obsides
774 4206 827 4256 Ro·
