3150 4942
341 406 426 472 11⁷4
714 408 738 463 -'
815 424 859 470 ··s·
876 424 969 471 orvis

339 582 443 649 quum
459 562 644 643 Romirsos,
660 562 933 632 vietoriem'esse.
954 566 1162 650 'Imperium
1187 567 1341 632 dictitare
1352 573 1423 649 spre'

314 724 317 732 .
338 673 421 744 tum,
436 671 596 750 tunquam
612 686 675 731 non
690 668 810 731 eedem
820 675 930 733 mente
943 670 1084 750 pugnari
1104 670 1265 746 vetuerit,
1280 673 1348 751 qno
1358 687 1426 750 pug-

338 774 452 833 natum
475 767 604 834 doleat:
629 777 664 833 et
691 775 770 833 tune
791 769 921 833 invidie
942 770 1103 853 impedire
1122 770 1286 833 virtutem
1307 769 1425 832 ulienuu

339 870 497 946 uoluisse,
511 870 807 961 cupidissimisque
829 870 1123 934 armamsammm
1136 870 1252 935 fuisse
1274 868 1427 944 militibus,

338 990 392 1048 ne,
407 990 444 1035 se
467 972 613 1048 absente,
628 972 756 1035 moueri
769 977 929 1054 possent:
952 976 987 1034 et
1000 989 1090 1035 nune
1103 971 1138 1034 id
1151 970 1293 1049 fureris,⁸
1311 968 1344 1033 id
1356 987 1426 1048 segre

339 1072 424 1153 puli,
439 1072 529 1154 quod
546 1071 620 1135 sino
636 1071 676 1136 Is.
693 1070 844 1155 Papirio,
859 1088 926 1134 non
940 1072 1094 1148 inermes,
1107 1090 1175 1135 uon
1196 1069 1310 1134 munci
1325 1070 1426 1133 milites

338 1171 475 1249 suerint,
490 1172 583 1256 quod
604 1191 641 1237 se
664 1171 708 1250 Q.
725 1171 855 1236 Fabius
867 1172 1063 1254 magistrum
1077 1172 1231 1254 equitum
1247 1162 1427 1245 duxeritis

339 1292 405 1339 uon
429 1276 608 1339 accensum
631 1273 829 1338 dictatoris.t
872 1271 965 1350 Quid
983 1272 1078 1337 illum
1090 1271 1265 1337 tectorum
1279 1270 1426 1347 suissesi,

339 1374 432 1457 quod
446 1374 529 1437 belli
546 1392 647 1439 cesus
660 1373 769 1437 ferunt
781 1371 943 1455 Morsque
958 1373 1158 1447 eommunis,
1173 1372 1322 1436 aduersu
1334 1388 1427 1453 pugne

339 1476 522 1554 evenisset3
545 1474 605 1558 qui
621 1474 696 1549 sibi,
708 1473 852 1538 devietis
866 1473 1031 1549 hostibus,
1041 1493 1077 1536 re
1089 1474 1231 1557 publiea
1246 1474 1331 1537 bene
1341 1477 1425 1553 gestu,

339 1578 388 1641 ito
410 1582 447 1639 nt
470 1594 537 1639 non
560 1578 603 1639 eb
628 1575 687 1639 illo
701 1576 802 1641 unioo
816 1575 904 1639 duce
918 1575 1037 1639 melius
1052 1575 1123 1656 geri
1140 1574 1302 1657 potuerit,
1318 1571 1426 1654 suppli

340 1677 431 1741 oium
454 1678 613 1757 magistro
641 1678 788 1759 equitum
812 1677 1000 1741 mineturl⁹
1043 1676 1163 1760 Neque
1176 1676 1273 1741 illum
1288 1674 1424 1754 magistu

340 1778 493 1861 equitum
513 1778 728 1855 infestiorem,
743 1798 845 1861 quem
867 1778 1009 1843 tribunis
1031 1778 1186 1854 militum,
1203 1780 1425 1861 quumeeutn

339 1879 499 1955 tionibus,
516 1898 617 1963 quum
640 1880 805 1945 militibus
825 1900 911 1943 esse.
953 1879 992 1944 Si
1014 1882 1135 1963 possit,
1150 1880 1327 1948 inomnes
1343 1874 1423 1939 seri·

340 1989 450 2045 turum
476 1981 601 2045 tuisse:
624 1982 705 2065 quia
725 1981 760 2044 id
787 1985 943 2063 nequeat,
959 1981 1125 2061 *inunum
1151 1981 1289 2045 soev'ire.
1331 1976 1422 2040 Etiam

229 2146 234 2165 ι
339 2081 681 2165 invidiam,tnnquum
695 2081 816 2164 iguem,
829 2101 960 2147 summo
975 2088 1104 2162 petere;
1126 2083 1161 2145 in
1176 2073 1424 2165 eepntconsilii,
1516 2088 1517 2091 ’

339 2182 374 2245 iu
394 2182 513 2247 duoem
534 2185 709 2248 incurrere.
754 2182 793 2246 Si
814 2200 851 2245 se
865 2181 965 2245 simul
984 2183 1184 2263 cum'gloriu
1197 2182 1250 2246 rei
1264 2186 1363 2262 geste
1375 2192 1422 2237 eu·

339 2284 506 2360 tinxisset,
522 2290 602 2348 tuno
625 2286 793 2355 victorem,
809 2280 902 2347 velut
924 2282 960 2345 iu
982 2296 1085 2365 cepto
1103 2285 1257 2348 exercitu
1272 2278 1421 2346 dominun·

340 2392 421 2461 tem,
443 2384 605 2467 quioquid
628 2383 761 2449 licuerit
787 2383 822 2445 iu
843 2383 1004 2463 magistro
1030 2383 1195 2466 equitum,
1222 2384 1258 2447 in
1281 2375 1420 2443 militibus

342 2502 509 2547 ausurum.
555 2483 701 2547 Proinde
716 2481 872 2549 edesseni
885 2482 921 2545 in
936 2501 998 2547 sun
1013 2485 1280 2549 cnuseomnium
1291 2473 1419 2545 liberisli·

802 2644 830 2664 n
833 2645 846 2664 0
849 2642 985 2664 ”nuno

339 2741 402 2795 vid.
414 2741 478 2793 Not.
484 2740 649 2809 Vere-bil.
662 2743 776 2805 magistro
786 2743 893 2807 equitum
904 2748 927 2792 et
938 2748 994 2791 tuse
1004 2730 1091 2793 viciosi
1102 2746 1214 2795 minetur.
1233 2744 1293 2794 vid·
1305 2742 1362 2793 Not,
1369 2735 1418 2785 Vm.

837 2856 862 2905 N
865 2854 946 2905 OTAE

373 2952 505 3009 ‘Quodis
515 2952 619 3011 absente,
628 2954 768 3017 respublica
777 2954 875 3016 egregie
913 2952 1031 3001 homines
1051 2966 1124 3002 sunm
1149 2952 1283 3011 dolorem,
1309 2950 1416 3005 unrud‘

339 3032 409 3090 geom
436 3030 508 3093 esset]
542 3032 640 3081 Contra
667 3032 824 3095 scriptorum
845 3037 874 3079 et
913 3042 955 3079 me
967 3028 1148 3078 studiosiorem
1161 3024 1291 3078 Antonii!
1410 3085 1416 3099 ‚

340 3105 455 3169 priorum
468 3106 611 3155 editionum
631 3106 710 3156 fidem
721 3107 811 3169 Sigon.
829 3120 874 3154 so·
944 3106 953 3136 ⁸
970 3104 1027 3152 Nes
1041 3118 1165 3155 sem
1173 3098 1311 3163 dictatoris]
1326 3095 1416 3147 ΑΜ

340 3194 397 3229 cern
407 3180 501 3242 publiea
518 3189 693 3244 expunxerit,
712 3182 784 3247 quusi
802 3182 873 3229 ‘rem
912 3178 1054 3228 satellitum
1083 3192 1130 3230 seu
1150 3181 1324 3243 apparitorum
1343 3178 1415 3234 ΜΝ,

341 3254 469 3319 publicam
480 3257 586 3319 gerere’
606 3258 657 3308 dici
677 3273 725 3307 uon
738 3256 870 3321 possetne
913 3266 1022 3316 quornm
1041 3254 1186 3303 ministerio
1207 3255 1374 3320 megistrstns,
1390 3239 1415 3287 nd

341 3344 373 3379 eo
385 3330 429 3393 qul
441 3331 535 3381 bellum
546 3334 636 3397 gessit.
659 3334 744 3383 Recte
755 3332 870 3383 Gronov.
911 3331 1081 3379 sooersendos
1092 3345 1156 3395 quos
1168 3333 1274 3391 vellent,
1284 3328 1416 3379 utebsuturi

340 3407 870 3469 ueteremieetionemrestituit,sffirmst·
910 3418 962 3454 neu
989 3405 1099 3455 multum
1126 3420 1204 3469 suprs
1231 3408 1340 3456 lictores·
1374 3392 1413 3441 ΕΝ

341 3492 391 3543 que
409 3482 508 3545 sllqnot
519 3484 645 3547 exemplis
664 3484 701 3533 lte
718 3484 787 3547 loqui
802 3483 869 3546 opti·
910 3480 978 3529 eninr
989 3481 1043 3531 Cio.
1054 3482 1190 3545 conjungit
1199 3496 1219 3533 r.
1231 3484 1266 3533 de
1275 3482 1335 3542 Lep·
1350 3469 1415 3519 ‘⁰¹⁸'

341 3566 397 3603 usos
409 3562 528 3604 unctores
540 3556 573 3605 de
584 3558 615 3606 iis
627 3560 672 3622 qui
682 3572 870 3622 quemeumque
911 3563 954 3605 tur
965 3571 1073 3607 ecoeuso
1085 3566 1164 3623 etque
1173 3554 1321 3608 lictoribuu'
1349 3549 1413 3599 1¹²⁰

341 3635 443 3693 purtem
456 3630 488 3678 nd
506 3643 628 3681 summurn
642 3646 726 3681 rerum
738 3634 870 3695 pertinen·
888 3678 891 3681 ,
909 3645 1042 3680 servorum
1065 3631 1254 3695 propemodum
1274 3632 1328 3680 loeo
1347 3624 1413 3673 “⁸¹¹¹

342 3712 396 3753 tem
407 3703 600 3755 administrent.
632 3706 706 3756 Unus
720 3706 786 3756 Liuii
798 3708 870 3757 locus
911 3704 986 3755 Idem
1004 3706 1037 3756 ud
1054 3708 1088 3758 Q.
1104 3707 1223 3757 Fratrem
1242 3706 1288 3758 lib.
1303 3718 1322 3753 1·
1338 3700 1381 3761 ΕΡ·
1396 3696 1413 3739 ¹⁴

341 3776 463 3841 sufficiet,
474 3779 517 3844 qui
533 3780 620 3829 statim
640 3782 689 3831 lroe
707 3782 764 3845 ipso
780 3783 869 3845 cupite
910 3778 1060 3833 ‘Aurenses
1072 3781 1107 3831 sit
1117 3794 1149 3830 eo
1165 3782 1245 3831 etism
1260 3778 1411 3835 nuumsi¹⁰
1513 3823 1514 3826 ,

342 3852 479 3917 subjicitur
500 3854 533 3903 de
562 3855 653 3905 eedem
679 3872 718 3919 re,
745 3848 870 3908 'devietis
909 3869 968 3904 eum
980 3856 1092 3920 majores
1111 3857 1192 3907 nostri
1209 3872 1267 3907 esse
1283 3848 1411 3905 somnust
1513 3858 1515 3916 l

341 3926 468 3991 hostibus,
478 3944 506 3978 re
519 3930 623 3993 publice
634 3930 701 3981 bene
713 3930 806 3995 gestu?
910 3932 955 3994 qui
965 3931 1014 3981 boe
1025 3946 1077 3982 non
1095 3933 1122 3982 lu
1133 3933 1253 3984 beneficii
1270 3935 1331 3989 loeo.
1344 3920 1381 3975 ⁰⁶¹¹
1390 3918 1411 4002 ³2
1512 3921 1513 3934 ¹

374 4004 533 4069 ¹1dsurere]
550 4007 870 4073 Novoconstruetiofflro,
908 4006 1006 4058 loboris
1018 4024 1049 4059 se
1067 4012 1187 4069 muueris,
1205 4025 1256 4061 nou
1275 3994 1410 4079 teneml'}

342 4094 376 4129 e·
388 4079 610 4145 nemausenses,
625 4083 713 4133 sotere
730 4082 757 4131 m
770 4080 869 4134 fretum
909 4084 1011 4137 risere·
1028 4088 1082 4138 sut·
1101 4086 1264 4147 sereremus,
1284 4082 1365 4151 quibu
1380 4070 1411 4120 ³¹¹¹
1509 4097 1513 4150 t

343 4166 417 4203 esse:
436 4156 540 4217 ntupud
552 4158 607 4207 cle.
618 4172 680 4208 srrr.
692 4157 724 4207 ed
733 4158 808 4208 Foru.
820 4158 870 4222 Ep.
910 4160 1015 4222 quidem
1026 4176 1078 4215 uon
1094 4177 1168 4216 seeus
1183 4179 1215 4216 sc
1232 4163 1309 4216 servis
1319 4158 1407 4215 Μ’·

342 4230 368 4279 8.
385 4226 479 4281 ‘Nunc
491 4227 555 4280 turis
565 4231 694 4282 Domitius
705 4238 757 4283 tum
769 4232 871 4297 rernm
911 4233 993 4287 bunt!
