3150 4942
555 454 631 503 urs.
655 454 739 503 rur.
762 454 847 503 one.
866 436 921 504 27.
1199 438 1288 507 1167

188 598 422 667 manirenisse
430 596 567 662 allatum
575 604 637 663 est.
665 596 826 683 ‘Quippe
837 597 1080 682 propemodum
1089 606 1286 682 perventum

190 702 376 778 admosse,
386 698 525 782 jamque
536 698 569 763 in
581 718 624 764 eo
635 716 706 765 rem
714 700 797 777 iore,
809 706 846 764 nt
855 699 1006 765 Romani
1014 700 1212 778 authentos,
1227 706 1287 765 ant

189 802 313 867 domini
327 800 473 865 habendi
487 802 566 865 sint.
611 802 800 867 Discrimen
814 802 971 885 proiecto
984 820 1093 867 rernm
1105 821 1239 869 suarum
1251 805 1288 867 in

187 902 279 967 ballo
295 902 490 967 Samnitium
505 908 692 985 eventuque
706 901 779 997 ejus
794 904 890 969 verti.
931 903 1017 968 Ram
1031 905 1137 969 solam
1152 912 1288 986 gentem

187 1006 325 1078 restare,
339 1020 403 1065 neo
417 1020 490 1065 eam
504 1001 616 1085 ipsam
631 1003 713 1067 satis
728 1004 885 1082 validam,
899 1005 1036 1088 quando
1051 1005 1211 1071 Lucanus
1225 1006 1285 1069 de·

186 1103 313 1168 fecerit.
356 1102 468 1180 Quem
492 1103 644 1168 revocari
666 1104 775 1169 adhuc
801 1105 993 1190 impellique
1018 1106 1068 1171 ad·
1087 1107 1287 1172 abolendam

189 1206 380 1269 societatem
392 1203 583 1269 Romanam
600 1223 712 1287 posse,
734 1206 764 1270 si
786 1224 855 1289 qua
876 1226 931 1271 ars
944 1206 1093 1271 serendis
1106 1206 1285 1273 discordiis

188 1303 402 1371 adhibeatur?
434 1305 524 1371 Hane
536 1304 678 1369 consilia
689 1323 767 1371 cum
780 1307 872 1389 apud
886 1308 1030 1389 cupidos
1040 1326 1147 1373 rernm
1156 1327 1284 1373 nouan-

189 1404 305 1469 darum
319 1406 516 1484 valuissent,
538 1425 583 1471 ex
598 1408 772 1491 juventute
795 1408 934 1491 quidam
949 1407 1161 1473 Lucanorum
1175 1410 1285 1493 pretio

190 1505 297 1581 asciti,
318 1506 399 1571 olari
418 1508 525 1591 magis
539 1507 627 1573 iuter
640 1510 840 1592 populares,
863 1530 963 1593 quam
982 1511 1125 1588 honesti,
1144 1510 1233 1577 inter
1247 1530 1287 1575 se

189 1606 326 1671 mulcati
336 1608 403 1691 ipsi
413 1608 527 1690 virgis,
541 1628 618 1673 oum
629 1628 769 1693 camora
779 1610 903 1675 nuda¹5
917 1609 1108 1677 intulissent
1117 1611 1151 1674 in
1162 1611 1288 1677 civium

189 1714 330 1786 ooetnm,
354 1709 530 1776 vociferati
551 1718 639 1787 sunt,
662 1729 710 1787 se,
732 1712 826 1795 quod
844 1720 957 1777 casua
977 1711 1137 1777 Romana
1157 1711 1289 1797 ingredi

188 1812 260 1873 ausi
283 1818 407 1889 essent,
432 1831 452 1874 a
475 1810 615 1877 consule
630 1812 731 1893 virgis
755 1830 864 1877 caesos
886 1831 928 1877 ac
951 1832 1061 1895 prope
1082 1814 1191 1876 securi
1213 1833 1288 1898 per·
1389 1887 1395 1898 ,

188 1930 310 1976 cussos
332 1932 420 1978 esse.
467 1912 641 1978 Deformis
668 1920 794 1995 suapte
820 1916 938 1977 natura
961 1932 1017 1977 res
1041 1933 1116 1977 cum
1141 1915 1289 1996 speciem

188 2012 319 2095 injuriae
335 2016 454 2096 magis,
471 2034 573 2097 quam
589 2014 672 2091 doli,
687 2032 758 2097 prae
772 2034 810 2077 sa
820 2013 938 2091 serret,·'
960 2014 1123 2079 concitati
1137 2014 1288 2079 homines

189 2124 317 2197 cogunt
339 2116 484 2179 clamore
506 2135 569 2179 suo
583 2116 802 2195 magistratus
823 2123 980 2202 senatum
995 2134 1141 2181 vocare:
1163 2122 1198 2180 et
1219 2116 1288 2193 aiii,

189 2216 440 2283 circumstantes
451 2215 637 2292 concilium,
647 2214 772 2277 bellum
780 2216 816 2277 in
826 2216 1000 2281 Romarm
1010 2224 1167 2299 poscunt:
1179 2218 1236 2281 alii
1245 2217 1290 2283 ad

118 2310 122 2323 '
190 2316 421 2382 concitandam
430 2318 464 2381 in
473 2336 566 2381 arma
575 2314 817 2380 multitudinem
828 2316 1011 2395 agrestium
1023 2315 1290 2385 discurruntttu·

188 2416 363 2503 multoque
377 2420 476 2483 etiam
492 2437 596 2483 sanos
611 2422 845 2483 consternante
865 2416 1008 2495 animos,
1031 2416 1230 2495 decernitur,
1251 2427 1290 2484 ut

190 2522 335 2585 societas
344 2540 420 2585 oum
432 2519 639 2584 Samnitibus
651 2523 883 2597 renovaretn13
900 2516 1122 2601 legatiquead
1132 2538 1207 2583 cam
1218 2538 1289 2583 rem

189 2619 402 2687 mittuntur.¹⁶
431 2618 620 2703 Repentina
634 2638 691 2683 res
704 2617 785 2701 quia
799 2637 903 2701 quem
916 2637 1055 2683 causam
1065 2618 1203 2697 nullam,
1220 2629 1290 2685 tam

190 2742 232 2786 ne
246 2720 346 2786 fidem
369 2722 503 2806 quidem
520 2719 692 2797 habebat*
716 2722 829 2785 coacti
844 2738 865 2783 a
879 2719 1087 2784 Samnitibus
1103 2728 1138 2785 et
1152 2722 1290 2786 obsides

190 2822 283 2900 dare,
309 2830 344 2887 et
369 2822 529 2906 praesidia
544 2822 578 2885 in
599 2822 676 2888 loca
696 2822 824 2886 munita
840 2821 1005 2903 accipere,
1026 2823 1109 2886 caeci
1124 2821 1240 2887 frande
1256 2829 1290 2887 et

141 2964 147 2977 =
191 2926 242 2990 ira
265 2923 347 2987 nihil
366 2929 575 2987 recusarunt.
621 2922 778 2987 Dilucera
799 2922 920 2986 deinde
942 2922 1038 2986 brevi
1061 2922 1153 2985 fraus
1168 2924 1289 3006 coepit,

192 3030 369 3110 postquam
387 3024 559 3089 criminum
583 3022 744 3087 salsorum
765 3031 919 3087 auctores
941 3021 1124 3086 Tarentum
1150 3022 1287 3088 commi-

193 3144 346 3209 gravere:
370 3124 443 3203 sed,
466 3124 593 3190 amissa
615 3127 705 3190 omni
728 3124 772 3189 de
796 3145 834 3189 se
856 3131 1052 3207 potestate,¹
1079 3122 1163 3185 nihii
1188 3122 1290 3201 ultra,

192 3245 294 3311 quam
309 3236 347 3291 ut
360 3227 542 3309 poeniteret
554 3224 687 3303 frustrn
706 3226 859 3291 restabat.

226 3404 235 3439 ¹
252 3408 453 3472 demessionis,
469 3407 510 3471 esi
525 3407 591 3469 poesi
606 3406 730 3468 &gerum
746 3406 992 3469 progrediebantur,
1008 3420 1051 3468 per
1064 3418 1090 3454 ee
1106 3406 1193 3467 tumis,
1208 3404 1293 3454 seriei·

194 3470 364 3587 mdes
373 3472 468 3533 seced
478 3472 594 3533 intudem
602 3470 652 3521 itti·
662 3486 678 3521 o
689 3472 805 3521 Romanis
819 3472 912 3521 &ten
922 3485 1062 3579 essenorum
1072 3470 1102 3520 et
1110 3470 1170 3531 ineis
1179 3468 1293 3529 smerden

229 3598 241 3631 ¹
259 3570 375 3657 Οὖιὶω
384 3616 413 3651 ea
424 3615 462 3651 res
473 3604 541 3650 teate
551 3600 630 3651 reisue
640 3600 759 3649 crediditis
769 3606 830 3657 net.
841 3605 929 3663 ceneto
938 3600 1005 3649 nette
1014 3574 1134 3649 sudatur
1142 3598 1243 3650 mun.

653 3723 787 3747 ΟΟΟΟΟ
789 3724 835 3746 ΝΟ

229 3829 259 3874 1⁵
277 3825 340 3875 Vet-
357 3824 403 3873 tib.
423 3822 493 3887 epud
513 3823 603 3887 Sigon·
618 3826 783 3875 esuum-ro
799 3825 956 3875 ’Βηθσάν
967 3858 975 3873 .
986 3857 994 3873 .
1006 3855 1013 3871 .
1025 3856 1032 3871 .
1043 3821 1171 3870 mittentur
1179 3818 1294 3868 Gronov.

196 3888 314 3939 Crevier.
327 3888 484 3953 perperam!
500 3888 596 3939 Sonti.

689 3968 797 4020 ΝΟΤΙΕ

229 4074 242 4103 ¹
259 4066 496 4117 Ammius
510 4064 638 4131 modste]
655 4062 725 4116 Leti·
765 4066 844 4115 detur
854 4063 917 4113 iliud
929 4062 999 4125 prius
1009 4073 1061 4108 non
1072 4056 1149 4106 modo
1165 4057 1296 4121 Latinum,

196 4158 257 4195 num
274 4160 333 4195 esee
343 4154 422 4209 neget
431 4146 494 4197 'hm
511 4147 611 4197 Faber:
623 4160 726 4197 sensnm
765 4156 817 4192 uon
830 4137 1067 4198 mndneiegeuriue,
1082 4132 1130 4183 eed
1142 4132 1176 4182 ad
1190 4139 1296 4183 seruen-

198 4220 266 4271 Livii
285 4236 341 4271 esse
360 4230 443 4284 potet,
459 4222 522 4271 ‘red
543 4223 639 4272 emisse
658 4221 727 4271 omui
767 4210 1295 4275 tiumhanduentoaecnmorodetine.(3um

199 4310 245 4361 epe
260 4296 296 4347 rei
309 4296 494 4362 perficiendo!
527 4298 593 4349 Mur
612 4308 672 4345 raro
691 4295 727 4344 ri·
768 4292 836 4343 eninr
854 4288 1009 4341 Samnitibus
1026 4286 1124 4336 ercsoi
1144 4294 1173 4335 et
1193 4285 1295 4335 absidae
