3150 4942
347 406 433 473 1350
826 420 862 467 r.
885 421 980 468 nrvrr
1042 425 1045 431 ·

348 584 409 647 vit.
452 582 583 647 Instare
601 579 677 645 iude
694 580 861 657 consules,
883 589 923 645 ut
949 583 1143 647 absentibus
1169 584 1214 647 iis
1235 591 1426 667 pugnaretur.

347 684 413 747 Per
427 684 564 747 biduum
580 682 759 746 lacessiere
775 684 893 765 praelio
914 682 1062 746 bostem:
1086 684 1191 747 biduo
1213 683 1300 748 nibil
1315 685 1427 767 dignun

347 782 441 849 dictu
465 792 587 863 actum,
610 784 710 867 pauci
734 784 903 867 utrimque
920 784 1096 864 cecidere;
1129 787 1308 869 magisque
1326 786 1428 849 irritati

348 894 425 949 sunt
440 884 621 969 adjustum
637 894 804 949 certamen
825 886 940 962 animi,
950 905 1051 968 quam
1065 886 1109 949 ad
1122 886 1308 951 discrimen
1318 904 1428 949 summa

348 1006 452 1051 rerum
467 979 623 1051 adduc'ta.
666 986 779 1049 Tertio
792 985 849 1066 die
860 986 1062 1050 descensum
1074 987 1109 1049 iu
1119 1006 1284 1069 campum
1296 988 1427 1049 omuibus

348 1084 476 1169 copiis¹
491 1097 551 1156 est.
595 1088 681 1153 Cum
692 1090 864 1152 instructae
880 1087 972 1151 acies
987 1094 1123 1163 starent,
1138 1106 1241 1151 cerva
1254 1087 1376 1167 fugiens
1387 1086 1427 1149 ln·

347 1210 426 1272 pum
441 1210 460 1253 e
475 1190 639 1254 montibus
653 1198 776 1253 esacta
789 1208 850 1271 per
864 1205 1006 1270 campos
1020 1189 1105 1251 iuter
1117 1187 1206 1251 duas
1220 1189 1318 1251 acies
1331 1186 1427 1249 decur-

347 1291 407 1355 rit:
430 1291 508 1355 iude
521 1291 663 1356 diversae
679 1290 881 1365 serumserum
896 1288 939 1353 ad
950 1288 1196 1372 Gallos,lnpus
1210 1289 1257 1353 ad
1274 1288 1425 1352 Romam

348 1410 482 1455 cursum
498 1389 643 1457 deflexit.
667 1392 765 1475 Lupo
780 1391 861 1455 data
874 1390 1102 1455 interordinos
1116 1392 1174 1453 ria
1185 1410 1194 1470 ;
1206 1408 1340 1453 cervam
1353 1387 1426 1451 Galli

303 1492 310 1503 '
348 1492 530 1557 confixere.
573 1492 662 1569 Tum
688 1510 730 1554 ex
749 1491 978 1572 antesignanis
1004 1490 1182 1555 Romanus
1196 1492 1310 1567 miles,
1337 1490 1425 1551 ‘lllac

346 1592 445 1677 fuga,’
458 1594 578 1675 inquit,
594 1600 603 1626 ‘
617 1600 649 1656 et
662 1591 777 1656 cades
794 1594 930 1669 uertit·
952 1592 1011 1656 ubi
1035 1610 1166 1656 sacram
1192 1592 1318 1656 Dianae
1342 1590 1426 1652 sorau

341 1694 509 1777 jacentem
526 1694 656 1758 uidetis.
700 1692 794 1757 Hinc
811 1694 917 1757 victor
928 1692 1071 1758 Martius
1084 1694 1199 1775 lupus,
1209 1694 1339 1774 integer
1349 1702 1380 1754 et
1390 1693 1426 1753 iu·

346 1802 469 1871 tactus,
495 1794 601 1877 gentis
623 1814 687 1859 uos
715 1792 848 1858 Martiae
871 1800 905 1858 et
926 1794 1110 1858 conditoris
1130 1796 1235 1859 nostri
1253 1790 1426 1858 admonuit'

347 1896 479 1961 Dextro
493 1914 593 1961 corun
609 1896 710 1971 Galli,
725 1894 861 1959 sinistro
875 1894 1044 1959 Samnites
1053 1896 1288 1961 consfiterunt.
1318 1892 1425 1957 Adru-

346 2018 405 2061 sus
421 1997 588 2061 Samnites
604 1995 683 2076 Q.¹⁹
706 1994 832 2059 Fabius
846 1998 988 2079 primam
1003 2014 1044 2060 ac
1067 1998 1201 2061 tertiam
1224 1996 1366 2079 legiones
1376 2011 1424 2075 pro

347 2098 465 2162 dextro
481 2116 605 2179 coruu3
628 2096 788 2161 adversus
811 2094 933 2159 Gallos
956 2115 1018 2177 pro
1038 2096 1173 2161 sinistro
1198 2096 1327 2161 Decius
1345 2094 1424 2176 quin·

346 2206 413 2263 tam
430 2206 464 2264 et
486 2208 615 2264 sextam
632 2200 799 2262 iustruxit.
845 2196 999 2261 Secunda
1022 2206 1056 2261 et
1078 2207 1198 2280 quarta
1214 2216 1295 2261 cum
1315 2196 1351 2260 L.
1369 2192 1422 2256 Vo

346 2301 472 2365 lumuio
502 2300 703 2382 proconsule
730 2298 763 2361 iu
795 2297 933 2362 Samnio
963 2298 1120 2380 gerebant
1147 2299 1288 2363 bellum.
1330 2296 1422 2361 Primo

346 2421 508 2466 concursu
525 2402 611 2467 adeo
627 2401 735 2482 oeqnis
751 2400 879 2464 viribus
893 2406 988 2481 gesta
1009 2418 1063 2463 res
1078 2408 1142 2470 ast,
1158 2409 1207 2477 ut,
1223 2401 1254 2464 si
1271 2398 1421 2464 anniam

345 2502 479 2567 Etrusci
495 2511 530 2567 et
543 2502 671 2577 Umbri,
687 2507 744 2565 aut
758 2502 793 2564 in
809 2500 892 2575 acie,
910 2507 969 2564 ant
981 2500 1016 2563 iu
1032 2502 1165 2577 castris,
1180 2514 1421 2583 quocumquesa

345 2602 575 2680 inclinassent,
590 2601 787 2684 accipienda
801 2601 917 2667 clades
932 2601 1040 2666 suerit.

388 2702 442 2768 28.
469 2702 640 2780 Getarum,
675 2722 862 2785 quanquam
891 2703 1079 2768 communis
1108 2704 1219 2769 adbuc
1241 2704 1337 2769 Mars
1359 2696 1421 2762 belli

344 2812 424 2883 erat,
439 2824 500 2869 nec
524 2804 602 2868 dum
618 2804 792 2867 discrimen
816 2803 951 2868 fortuna
971 2804 1108 2881 fecerat,
1124 2826 1194 2888 qua
1207 2806 1327 2871 datura
1350 2802 1419 2864 vira

344 2916 444 2986 esset,
456 2906 715 2990 haudquaquam
728 2905 847 2969 similis
860 2926 971 2989 pugna
984 2908 1019 2970 iu
1033 2906 1153 2972 dextro
1167 2908 1325 2991 laevoque
1336 2914 1419 2967 corut

279 3074 286 3090 ,
344 3014 424 3072 erat.
469 3008 614 3073 Romani
640 3006 731 3091 apud
757 3006 900 3071 Fabium
926 3008 1085 3073 arcebant
1120 3010 1239 3091 magis,
1266 3024 1361 3091 quam
1379 3004 1417 3065 in·

343 3108 504 3186 ferebant,
530 3128 694 3191 puguam3
718 3108 1020 3191 extrahebaturque
1040 3110 1075 3172 iu
1091 3128 1189 3192 quam
1217 3110 1360 3173 maxime
1379 3119 1418 3165 se·

343 3228 415 3273 rum
445 3210 510 3273 diei
540 3216 723 3273 certamen:
762 3210 845 3292 quia
877 3209 926 3273 ita
953 3228 1151 3292 persuasum
1179 3222 1252 3275 erat
1280 3212 1364 3284 duci,
1390 3210 1417 3265 ol

343 3308 513 3373 Samnites
528 3316 561 3372 et
575 3304 693 3373 Gallos
704 3312 812 3393 prium
826 3312 955 3393 impetu
966 3309 1211 3391 serocesesse,¹¹¹
1232 3332 1319 3399 quos
1338 3305 1416 3376 suali-

297 3432 302 3449 '
342 3447 393 3567 tc·
410 3440 482 3502 Fuga
499 3446 569 3503 utque
586 3442 670 3493 necato
689 3444 731 3492 loc
749 3444 811 3492 relat
829 3442 905 3492 anau
923 3458 992 3495 cern
1002 3448 1039 3494 ert
1049 3449 1073 3495 et
1083 3443 1208 3495 insiluerit
1218 3444 1244 3495 in
1255 3446 1321 3495 {aaa
1335 3444 1415 3506 W·

346 3663 388 3713 lura
398 3662 513 3715 Gronov.
527 3665 633 3728 boujrr.
644 3666 828 3719 ermion-19
849 3670 882 3725 Q.
894 3668 948 3721 del.
957 3669 1003 3721 lid.
1113 3719 1119 3729 ,

838 3798 945 3851 Now

376 3890 516 3944 'omniuo
541 3894 626 3957 copiis]
655 3893 782 3944 Omnibus
807 3895 868 3945 binc
939 3904 958 3930 ¹
975 3897 1266 3961 Primimpetrrsemoe
1281 3887 1411 3959 mummi
1451 3901 1455 3910 ’

341 3961 524 4026 Romanorum,
538 3971 598 4019 iude
618 3972 694 4020 etiam
715 3971 867 4021 Samnitium
907 3973 949 4022 bic
980 3974 1078 4023 Fabios
1109 3973 1267 4023 Smuibbur
1292 3969 1409 4030 Galibqrt·

341 4051 369 4109 eut
391 4044 538 4095 Gallorum:
556 4060 605 4095 non
629 4047 748 4097 omuibus
769 4047 868 4098 sordere
907 4048 976 4097 idern
986 4048 1123 4099 Germanis
1136 4062 1238 4113 qaoque
1248 4049 1348 4098 uretur
1355 4039 1411 4092 ruri

340 4118 462 4169 adversm
474 4122 602 4171 Romanos
614 4122 764 4186 junctarum
783 4125 868 4190 genti·
908 4124 965 4173 bnit
986 4124 1060 4173 initio
1077 4124 1137 4173 libri
1156 4124 1191 4175 de
1208 4126 1320 4174 moribus
1334 4129 1409 4170 eom

340 4200 392 4241 utu.
426 4196 493 4246 Nam
515 4196 619 4247 Etrusci
641 4198 782 4263 Umbrique
805 4200 868 4249 abe·
890 4198 1151 4263 '‘Magnarorporm
1170 4208 1198 4249 et
1219 4208 1318 4249 tanturn
1333 4196 1361 4246 ad
1376 4193 1410 4241 lv·

341 4276 406 4319 rant.
907 4282 997 4338 petum
1014 4276 1116 4325 valide:
1134 4276 1229 4327 trbortr
1241 4284 1317 4341 atque
1326 4278 1410 4336 ouen·
