3150 4942
575 425 648 472 cru.
673 421 740 474 vrr.
762 425 843 475 car.
866 410 918 475 14.
1207 413 1293 477 loru
1346 381 1352 394 ⁸

197 565 299 631 Joris
314 568 429 650 optimi
445 568 582 632 maximi
598 567 754 650 templum
770 576 941 649 gratantes
956 575 1166 650 ovantesque
1180 569 1296 635 adire.'

199 665 394 732 Orationem
409 667 515 732 Tullii
529 673 730 748 exceperunt
749 687 865 750 preces
879 669 1120 733 multitudinis:
1142 676 1177 733 et
1197 670 1294 734 undi-

198 785 274 848 que,
293 777 333 832 ut
354 769 482 850 signum
505 769 611 845 daret,
642 775 680 833 ut
713 788 837 852 cupere
867 788 960 834 arma
987 769 1133 851 juberet,
1166 770 1293 834 clama·

198 867 291 930 bant.

239 969 292 1030 14.
315 967 480 1046 Dictator,
492 987 683 1053 quanquam
699 989 769 1033 rem
783 971 903 1034 bonum
914 980 928 1006 ¹
939 973 1096 1054 exemplo
1108 971 1197 1036 baud
1212 991 1292 1054 pro·

196 1068 300 1132 babili
317 1073 425 1133 actam
441 1071 636 1145 cernebat,¹⁵
652 1078 762 1134 tamen
786 1071 964 1148 lucturum,
980 1071 1069 1154 quod
1084 1073 1208 1136 milites
1222 1073 1292 1138 rel·

196 1167 274 1245 lent,
289 1189 338 1245 se,
352 1171 499 1252 recepit:
518 1170 735 1252 Tulliumque
750 1178 889 1246 secreto,
906 1190 1059 1252 quaenam
1074 1173 1148 1236 baec
1163 1193 1217 1236 res
1233 1175 1290 1250 ait,

196 1278 253 1335 aut
277 1289 346 1353 quo
371 1276 451 1335 acta
476 1289 577 1346 more,
600 1275 842 1352 percunctatur.
886 1270 1023 1334 Tullius
1048 1290 1248 1355 magnopore
1268 1293 1291 1337 a

196 1369 357 1435 dictatore
382 1377 506 1454 petere,
535 1375 603 1434 ‘ne
625 1390 663 1433 se
689 1372 829 1434 oblitum
856 1371 1043 1454 discipliuae
1067 1373 1291 1448 militarique

196 1471 262 1550 sui,
276 1491 357 1536 neve
369 1473 592 1554 imperatoriae
603 1473 803 1554 mejestatis,
817 1471 981 1536 erederet:
995 1473 1194 1537 multitudini
1210 1492 1290 1538 con·

195 1571 320 1648 citatae,
334 1591 411 1655 quae
424 1571 528 1636 ferme
543 1574 737 1636 auctoribus
753 1573 873 1636 similis
887 1574 1004 1650 esset,l
1023 1593 1089 1636 uon
1103 1575 1289 1638 subtraxis-

194 1691 232 1736 se
246 1691 285 1735 se
302 1671 438 1751 ducem;
461 1674 591 1756 nequis
607 1674 706 1749 alius,
721 1673 840 1756 quales
864 1680 956 1737 mota
977 1694 1089 1739 creare
1110 1676 1288 1740 multitudo
1317 1724 1321 1730 .

194 1772 331 1849 soleret,
346 1773 517 1836 existeret.
563 1773 596 1838 N
599 1792 653 1836 am
674 1791 712 1836 se
737 1772 872 1855 quidem
891 1775 973 1838 nibil
992 1794 1059 1838 non
1076 1777 1211 1839 arbitrio
1225 1777 1288 1840 im-

193 1874 354 1956 peratoris
376 1880 539 1939 acturum.
585 1873 639 1936 llli
664 1893 799 1957 quoque
823 1882 932 1939 tarum
953 1875 1133 1940 ridendum
1151 1895 1289 1960 magno·

192 1991 373 2056 percense,
388 1981 426 2037 ut
441 1976 626 2039 exercitum
647 1976 680 2037 in
702 1982 870 2056 potestate
884 1977 1028 2041 haberet.
1073 1977 1205 2040 Differri
1218 1997 1287 2040 non

191 2093 292 2158 posse
306 2075 388 2140 adeo
402 2075 585 2140 concitatos
599 2076 739 2138 animos.
772 2075 875 2156 Ipsos
888 2074 955 2137 sibi
968 2076 1083 2139 locum
1099 2095 1139 2139 ac
1156 2083 1286 2158 tempus

191 2175 363 2258 pugnandi
388 2185 570 2254 sumturus,
598 2177 628 2238 si
654 2176 697 2238 ab
721 2175 919 2258 imperatore
941 2194 1010 2238 nou
1036 2172 1150 2238 detur.’
1194 2176 1286 2240 Dum

65 2351 71 2362 ,
190 2275 265 2340 baec
279 2275 473 2358 loquuntur,
490 2276 640 2359 jumenta
655 2273 737 2338 lorto
752 2277 929 2357 pascentia
941 2281 1035 2339 extra
1050 2276 1172 2339 vallum
1186 2275 1288 2341 Gallo

191 2377 339 2459 abigenti
353 2378 418 2441 duo
432 2377 557 2441 milites
571 2377 717 2440 Romani
733 2377 938 2442 adememnt.
979 2377 1017 2440 ln
1032 2396 1091 2442 eos
1105 2396 1189 2443 saxu
1204 2397 1285 2442 con-

185 2478 279 2562 jectu
295 2499 315 2544 a
331 2478 458 2543 Gallis:
481 2477 600 2542 deinde
622 2479 665 2542 ab
690 2477 848 2542 Romana
869 2479 1012 2543 statione
1032 2479 1159 2544 clamor
1178 2485 1283 2557 ortus,

190 2599 232 2645 ac
256 2597 453 2662 procursum
480 2581 644 2664 utrimque
664 2586 729 2641 est.
772 2578 918 2662 Jamque
941 2581 1031 2644 baud
1055 2582 1173 2663 procul
1189 2581 1286 2664 justo

189 2683 306 2764 praelio
321 2701 374 2745 res
390 2688 496 2756 eraut,
508 2681 541 2743 ni
555 2681 706 2744 celeriter
720 2678 896 2744 diremtum
913 2689 1080 2746 certamen
1096 2700 1155 2765 per
1169 2688 1284 2747 centu·

188 2783 296 2847 riones
310 2793 413 2846 esset.
457 2781 632 2846 Affirmata
647 2790 735 2847 certe
749 2801 793 2844 eo
807 2801 889 2845 cusu
905 2782 1007 2846 Tullii
1031 2782 1123 2866 apud
1144 2783 1283 2848 dictato-

188 2897 254 2946 rem
268 2883 353 2948 fides
369 2889 442 2948 est!
486 2882 560 2947 Nec
575 2883 753 2966 recipiente
763 2885 836 2966 jam
850 2884 1046 2948 dilationem
1060 2903 1108 2960 re,
1120 2885 1154 2946 in
1168 2891 1283 2967 poste·

187 3003 257 3064 rum
282 2984 370 3048 diem
394 2983 548 3060 edicitur,
573 2985 647 3048 acie
669 2991 886 3067 pugnaturos.
930 2983 1085 3047 Dictator
1107 2990 1231 3062 tumen,
1245 2991 1284 3049 ut

188 3086 246 3170 qui
261 3085 369 3167 magis
384 3085 515 3160 animis,
526 3105 627 3169 quam
640 3085 775 3162 viribus,
786 3084 891 3148 fretus
904 3084 947 3147 ad
963 3090 1132 3148 certamen
1144 3081 1281 3148 descen-

188 3186 291 3262 deret,
319 3189 432 3252 omnia
455 3187 713 3268 circumspicere
736 3195 837 3268 atque
861 3186 987 3266 agitare
1007 3186 1124 3268 coepit,
1149 3191 1187 3249 ut
1208 3194 1281 3251 arte

188 3287 302 3372 aliqua
318 3295 475 3352 terrorem
488 3288 644 3352 hostibus
657 3289 825 3352 incuteret.
869 3284 990 3349 Solerti
1005 3285 1118 3350 animo
1132 3306 1199 3351 reru
1222 3305 1281 3350 uu·

217 3467 228 3498 ⁵
246 3468 315 3523 Quo,
324 3472 394 3530 prout
404 3467 479 3516 uirum
489 3467 522 3516 tir
532 3483 547 3514 u
557 3468 640 3530 quibus
650 3468 753 3528 ducitur,
763 3467 806 3529 αρ’
814 3468 898 3528 ruunt,
908 3480 989 3529 corque
998 3465 1098 3515 imitari.

218 3537 229 3564 θ
245 3531 284 3580 Eu
294 3531 386 3594 quidem
398 3539 481 3582 euentu
491 3532 579 3582 ueritus
588 3532 711 3581 uerborum
724 3531 797 3580 Tullii
806 3532 942 3597 confirmatu
952 3536 988 3579 ert
998 3529 1118 3580 dictatori·
1144 3585 1148 3590 ,

217 3746 247 3792 lt
264 3740 342 3804 Vulg.
354 3747 430 3790 urtuur
442 3741 555 3790 ceurebut.
584 3739 650 3788 Pull.
669 3739 729 3800 duu,
745 3740 886 3804 Aldurqne,
906 3747 933 3788 et
949 3739 1023 3790 Juut.
1033 3737 1131 3787 babent
1141 3743 1218 3788 uetare
1228 3753 1278 3789 eer-

183 3807 262 3870 nort,
274 3805 381 3856 emetat
392 3811 478 3854 tumea.
512 3805 588 3854 Vurr.
599 3804 665 3854 riter
676 3811 780 3854 careret
791 3811 868 3854 actum
877 3804 993 3854 cembut
1019 3803 1123 3851 lbrtiur
1137 3800 1204 3851 Pati.
1214 3803 1278 3851 trud

673 3935 782 3985 NOTAE

213 4039 226 4065 ¹
244 4031 385 4094 Quanquam
403 4044 453 4080 rem
471 4029 565 4092 imur]
581 4030 659 4079 Utilis
677 4045 708 4080 uc
748 4045 793 4080 sen
816 4029 944 4092 probabili
966 4028 1085 4088 exemplo
1101 4024 1189 4087 fiebat,
1207 4027 1275 4089 quud

181 4111 250 4160 buna
267 4124 309 4160 rer
324 4116 381 4159 erut
399 4109 475 4158 ardor
492 4108 536 4157 lile
552 4109 669 4168 militnm,
681 4116 708 4158 et
749 4106 850 4169 agmine
869 4103 939 4152 tuctu
950 4103 1104 4152 dictatorem
1116 4102 1148 4151 ud
1160 4102 1277 4166 prreliunr

181 4185 331 4236 testificatio
341 4185 426 4250 parati
437 4185 469 4234 ud
479 4197 532 4234 rem
541 4183 607 4234 bene
619 4198 707 4247 geren·
743 4180 885 4246 jubendum
897 4177 999 4242 adigere
1010 4177 1116 4228 vallent.

181 4260 241 4310 drrn
264 4261 411 4311 exercitur:
434 4259 478 4310 red
507 4272 557 4308 nou
581 4259 710 4310 laudando
1041 4252 1044 4258 ’
