<?xml version="1.0" encoding="UTF-8"?>
<!DOCTYPE html PUBLIC "-//W3C//DTD XHTML 1.0 Transitional//EN"
    "http://www.w3.org/TR/xhtml1/DTD/xhtml1-transitional.dtd">
<html xmlns="http://www.w3.org/1999/xhtml" xml:lang="en" lang="en">
 <head>
  <title>
</title>
<meta http-equiv="Content-Type" content="text/html;charset=utf-8" />
  <meta name='ocr-system' content='tesseract 3.04.00' />
  <meta name='ocr-capabilities' content='ocr_page ocr_carea ocr_par ocr_line ocrx_word'/>
</head>
<body>
  <div class='ocr_page' id='page_1' title='image "./tliviipatavinih06rupegoog/tliviipatavinih06rupegoog_0177.png"; bbox 0 0 3150 4942; ppageno 0'>
   <div class='ocr_carea' id='block_1_1' title="bbox 561 395 1278 466">
    <p class='ocr_par' dir='ltr' id='par_1_1' title="bbox 561 395 1278 466">
     <span class='ocr_line' id='line_1_1' title="bbox 561 395 1278 466; baseline 0.013 -11"><span class='ocrx_word' id='word_1_1' title='bbox 561 407 635 458; x_wconf 83' lang='lat' dir='ltr'><strong>nra.</strong></span> <span class='ocrx_word' id='word_1_2' title='bbox 659 407 726 458; x_wconf 80' lang='lat' dir='ltr'><strong>vir.</strong></span> <span class='ocrx_word' id='word_1_3' title='bbox 749 410 832 458; x_wconf 80' lang='lat' dir='ltr'><strong>ose.</strong></span> <span class='ocrx_word' id='word_1_4' title='bbox 852 395 906 460; x_wconf 78' lang='grc'><strong>38.</strong></span> <span class='ocrx_word' id='word_1_5' title='bbox 1194 397 1278 466; x_wconf 78' lang='lat' dir='ltr'><strong>tuor</strong></span> 
     </span>
    </p>
   </div>
   <div class='ocr_carea' id='block_1_2' title="bbox 179 545 1281 2539">
    <p class='ocr_par' dir='ltr' id='par_1_2' title="bbox 179 545 1281 2539">
     <span class='ocr_line' id='line_1_2' title="bbox 185 545 1278 637; baseline 0.006 -23"><span class='ocrx_word' id='word_1_6' title='bbox 185 545 332 616; x_wconf 81' lang='lat' dir='ltr'><strong>Romam</strong></span> <span class='ocrx_word' id='word_1_7' title='bbox 346 550 467 616; x_wconf 80' lang='lat' dir='ltr'>misere</span> <span class='ocrx_word' id='word_1_8' title='bbox 482 567 558 614; x_wconf 90' lang='lat' dir='ltr'><strong>cum</strong></span> <span class='ocrx_word' id='word_1_9' title='bbox 572 569 705 617; x_wconf 85' lang='lat' dir='ltr'><strong>oorouae</strong></span> <span class='ocrx_word' id='word_1_10' title='bbox 719 570 830 616; x_wconf 85' lang='lat' dir='ltr'><strong>aureae</strong></span> <span class='ocrx_word' id='word_1_11' title='bbox 844 553 943 630; x_wconf 90' lang='lat' dir='ltr'><strong>dono,</strong></span> <span class='ocrx_word' id='word_1_12' title='bbox 958 572 1037 636; x_wconf 85' lang='lat' dir='ltr'><strong>quse</strong></span> <span class='ocrx_word' id='word_1_13' title='bbox 1051 554 1087 618; x_wconf 90' lang='lat' dir='ltr'><strong>in</strong></span> <span class='ocrx_word' id='word_1_14' title='bbox 1106 554 1278 637; x_wconf 80' lang='lat' dir='ltr'><strong>Capitolio</strong></span> 
     </span>
     <span class='ocr_line' id='line_1_3' title="bbox 183 651 1278 739; baseline 0.006 -22"><span class='ocrx_word' id='word_1_15' title='bbox 183 651 218 717; x_wconf 90' lang='lat' dir='ltr'><strong>iu</strong></span> <span class='ocrx_word' id='word_1_16' title='bbox 235 651 346 716; x_wconf 86' lang='lat' dir='ltr'><strong>.Jovis</strong></span> <span class='ocrx_word' id='word_1_17' title='bbox 372 653 458 716; x_wconf 86' lang='lat' dir='ltr'><strong>cella</strong></span> <span class='ocrx_word' id='word_1_18' title='bbox 485 661 672 732; x_wconf 80' lang='lat' dir='ltr'><strong>poneretur.</strong></span> <span class='ocrx_word' id='word_1_19' title='bbox 730 652 809 717; x_wconf 84' lang='lat' dir='ltr'><strong>Fuit</strong></span> <span class='ocrx_word' id='word_1_20' title='bbox 836 654 948 734; x_wconf 91' lang='lat' dir='ltr'><strong>pondo</strong></span> <span class='ocrx_word' id='word_1_21' title='bbox 975 655 1094 736; x_wconf 82' lang='lat' dir='ltr'><strong>viginti</strong></span> <span class='ocrx_word' id='word_1_22' title='bbox 1121 657 1278 739; x_wconf 86' lang='lat' dir='ltr'><strong>quinque.</strong></span> 
     </span>
     <span class='ocr_line' id='line_1_4' title="bbox 185 749 1278 839; baseline -0.002 -23"><span class='ocrx_word' id='word_1_23' title='bbox 185 749 353 816; x_wconf 83' lang='lat' dir='ltr'><strong>Consules</strong></span> <span class='ocrx_word' id='word_1_24' title='bbox 367 751 467 816; x_wconf 90' lang='lat' dir='ltr'><strong>ambo</strong></span> <span class='ocrx_word' id='word_1_25' title='bbox 482 751 524 814; x_wconf 91' lang='lat' dir='ltr'><strong>de</strong></span> <span class='ocrx_word' id='word_1_26' title='bbox 539 751 748 817; x_wconf 87' lang='lat' dir='ltr'><strong>Samnitibus</strong></span> <span class='ocrx_word' id='word_1_27' title='bbox 762 754 1017 836; x_wconf 86' lang='lat' dir='ltr'><strong>triumpharunt,</strong></span> <span class='ocrx_word' id='word_1_28' title='bbox 1033 763 1194 839; x_wconf 86' lang='lat' dir='ltr'><strong>sequente</strong></span> <span class='ocrx_word' id='word_1_29' title='bbox 1210 757 1278 821; x_wconf 55' lang='lat' dir='ltr'><strong>Des</strong></span> 
     </span>
     <span class='ocr_line' id='line_1_5' title="bbox 184 851 1279 935; baseline 0.006 -21"><span class='ocrx_word' id='word_1_30' title='bbox 184 851 239 915; x_wconf 91' lang='lat' dir='ltr'><strong>oio</strong></span> <span class='ocrx_word' id='word_1_31' title='bbox 268 851 389 932; x_wconf 81' lang='lat' dir='ltr'><strong>insigni</strong></span> <span class='ocrx_word' id='word_1_32' title='bbox 412 871 489 916; x_wconf 89' lang='lat' dir='ltr'><strong>oum</strong></span> <span class='ocrx_word' id='word_1_33' title='bbox 516 853 615 916; x_wconf 89' lang='lat' dir='ltr'><strong>lande</strong></span> <span class='ocrx_word' id='word_1_34' title='bbox 642 851 824 935; x_wconf 87' lang='lat' dir='ltr'><strong>donisque:</strong></span> <span class='ocrx_word' id='word_1_35' title='bbox 847 874 923 919; x_wconf 89' lang='lat' dir='ltr'><strong>cum</strong></span> <span class='ocrx_word' id='word_1_36' title='bbox 946 854 1121 919; x_wconf 89' lang='lat' dir='ltr'><strong>incondito</strong></span> <span class='ocrx_word' id='word_1_37' title='bbox 1142 856 1279 922; x_wconf 83' lang='lat' dir='ltr'><strong>militari</strong></span> 
     </span>
     <span class='ocr_line' id='line_1_6' title="bbox 179 949 1279 1037; baseline 0.008 -23"><span class='ocrx_word' id='word_1_38' title='bbox 179 949 263 1033; x_wconf 86' lang='lat' dir='ltr'><strong>joco</strong></span> <span class='ocrx_word' id='word_1_39' title='bbox 286 951 377 1016; x_wconf 89' lang='lat' dir='ltr'><strong>baud</strong></span> <span class='ocrx_word' id='word_1_40' title='bbox 403 952 511 1015; x_wconf 90' lang='lat' dir='ltr'><strong>minus</strong></span> <span class='ocrx_word' id='word_1_41' title='bbox 536 952 659 1016; x_wconf 91' lang='lat' dir='ltr'><strong>tribuni</strong></span> <span class='ocrx_word' id='word_1_42' title='bbox 680 953 813 1018; x_wconf 89' lang='lat' dir='ltr'><strong>celebre</strong></span> <span class='ocrx_word' id='word_1_43' title='bbox 828 974 959 1030; x_wconf 85' lang='lat' dir='ltr'><strong>nomen,</strong></span> <span class='ocrx_word' id='word_1_44' title='bbox 974 975 1075 1037; x_wconf 88' lang='lat' dir='ltr'><strong>quam</strong></span> <span class='ocrx_word' id='word_1_45' title='bbox 1089 957 1279 1034; x_wconf 84' lang='lat' dir='ltr'><strong>consulum,</strong></span> 
     </span>
     <span class='ocr_line' id='line_1_7' title="bbox 185 1049 1280 1136; baseline 0.007 -22"><span class='ocrx_word' id='word_1_46' title='bbox 185 1058 287 1116; x_wconf 87' lang='lat' dir='ltr'><strong>esset.</strong></span> <span class='ocrx_word' id='word_1_47' title='bbox 343 1050 587 1132; x_wconf 78' lang='lat' dir='ltr'><strong>Campanorum</strong></span> <span class='ocrx_word' id='word_1_48' title='bbox 614 1049 736 1116; x_wconf 89' lang='lat' dir='ltr'><strong>deinde</strong></span> <span class='ocrx_word' id='word_1_49' title='bbox 764 1051 1127 1136; x_wconf 78' lang='lat' dir='ltr'><strong>Suessauorumque¹⁸¹</strong></span> <span class='ocrx_word' id='word_1_50' title='bbox 1150 1055 1280 1122; x_wconf 74' lang='lat' dir='ltr'><strong>auditae</strong></span> 
     </span>
     <span class='ocr_line' id='line_1_8' title="bbox 183 1152 1279 1239; baseline 0.005 -25"><span class='ocrx_word' id='word_1_51' title='bbox 183 1152 384 1234; x_wconf 77' lang='lat' dir='ltr'><strong>legationes:</strong></span> <span class='ocrx_word' id='word_1_52' title='bbox 408 1153 689 1235; x_wconf 81' lang='lat' dir='ltr'><strong>precantibusque</strong></span> <span class='ocrx_word' id='word_1_53' title='bbox 705 1153 832 1230; x_wconf 88' lang='lat' dir='ltr'><strong>datum,</strong></span> <span class='ocrx_word' id='word_1_54' title='bbox 846 1162 884 1217; x_wconf 89' lang='lat' dir='ltr'><strong>ut</strong></span> <span class='ocrx_word' id='word_1_55' title='bbox 897 1154 1091 1237; x_wconf 76' lang='lat' dir='ltr'><strong>praesidium</strong></span> <span class='ocrx_word' id='word_1_56' title='bbox 1106 1175 1148 1218; x_wconf 91' lang='lat' dir='ltr'><strong>eo</strong></span> <span class='ocrx_word' id='word_1_57' title='bbox 1171 1157 1206 1219; x_wconf 91' lang='lat' dir='ltr'><strong>iu</strong></span> <span class='ocrx_word' id='word_1_58' title='bbox 1220 1157 1279 1239; x_wconf 85' lang='lat' dir='ltr'><strong>by-</strong></span> 
     </span>
     <span class='ocr_line' id='line_1_9' title="bbox 184 1253 1280 1334; baseline 0.006 -18"><span class='ocrx_word' id='word_1_59' title='bbox 184 1254 286 1318; x_wconf 88' lang='lat' dir='ltr'><strong>berna</strong></span> <span class='ocrx_word' id='word_1_60' title='bbox 308 1255 502 1329; x_wconf 82' lang='lat' dir='ltr'><strong>mitteretur,</strong></span> <span class='ocrx_word' id='word_1_61' title='bbox 528 1271 594 1334; x_wconf 91' lang='lat' dir='ltr'><strong>quo</strong></span> <span class='ocrx_word' id='word_1_62' title='bbox 620 1253 819 1317; x_wconf 85' lang='lat' dir='ltr'><strong>Samnitium</strong></span> <span class='ocrx_word' id='word_1_63' title='bbox 840 1255 1057 1319; x_wconf 77' lang='lat' dir='ltr'><strong>excursiones</strong></span> <span class='ocrx_word' id='word_1_64' title='bbox 1082 1265 1280 1328; x_wconf 77' lang='lat' dir='ltr'><strong>arcerentur.</strong></span> 
     </span>
     <span class='ocr_line' id='line_1_10' title="bbox 182 1351 1280 1439; baseline 0.002 -21"><span class='ocrx_word' id='word_1_65' title='bbox 182 1351 205 1418; x_wconf 85' lang='lat' dir='ltr'>J</span> <span class='ocrx_word' id='word_1_66' title='bbox 208 1373 261 1422; x_wconf 84' lang='lat' dir='ltr'><strong>usn</strong></span> <span class='ocrx_word' id='word_1_67' title='bbox 278 1363 347 1417; x_wconf 92' lang='lat' dir='ltr'><strong>tum</strong></span> <span class='ocrx_word' id='word_1_68' title='bbox 362 1353 498 1416; x_wconf 88' lang='lat' dir='ltr'><strong>minime</strong></span> <span class='ocrx_word' id='word_1_69' title='bbox 512 1353 658 1420; x_wconf 83' lang='lat' dir='ltr'><strong>salubris</strong></span> <span class='ocrx_word' id='word_1_70' title='bbox 673 1354 808 1418; x_wconf 86' lang='lat' dir='ltr'><strong>militari</strong></span> <span class='ocrx_word' id='word_1_71' title='bbox 823 1355 1011 1439; x_wconf 83' lang='lat' dir='ltr'><strong>discipliuae</strong></span> <span class='ocrx_word' id='word_1_72' title='bbox 1024 1355 1145 1438; x_wconf 85' lang='lat' dir='ltr'><strong>Capua</strong></span> <span class='ocrx_word' id='word_1_73' title='bbox 1158 1357 1280 1420; x_wconf 63' lang='lat' dir='ltr'><strong>iustru-¹</strong></span> 
     </span>
     <span class='ocr_line' id='line_1_11' title="bbox 185 1455 1279 1538; baseline 0.002 -20"><span class='ocrx_word' id='word_1_74' title='bbox 185 1463 296 1520; x_wconf 87' lang='lat' dir='ltr'><strong>mento</strong></span> <span class='ocrx_word' id='word_1_75' title='bbox 322 1455 465 1520; x_wconf 80' lang='lat' dir='ltr'><strong>omniunt</strong></span> <span class='ocrx_word' id='word_1_76' title='bbox 497 1455 720 1538; x_wconf 82' lang='lat' dir='ltr'><strong>voluptatium</strong></span> <span class='ocrx_word' id='word_1_77' title='bbox 731 1465 757 1508; x_wconf 85' lang='lat'><strong>¹⁹</strong></span> <span class='ocrx_word' id='word_1_78' title='bbox 786 1457 948 1521; x_wconf 85' lang='lat' dir='ltr'><strong>delenitos</strong></span> <span class='ocrx_word' id='word_1_79' title='bbox 976 1457 1117 1521; x_wconf 89' lang='lat' dir='ltr'><strong>militurn</strong></span> <span class='ocrx_word' id='word_1_80' title='bbox 1147 1459 1279 1522; x_wconf 87' lang='lat' dir='ltr'><strong>animos</strong></span> 
     </span>
     <span class='ocr_line' id='line_1_12' title="bbox 184 1555 1279 1642; baseline 0.005 -24"><span class='ocrx_word' id='word_1_81' title='bbox 184 1556 301 1620; x_wconf 85' lang='lat' dir='ltr'><strong>avertit</strong></span> <span class='ocrx_word' id='word_1_82' title='bbox 314 1575 336 1620; x_wconf 86' lang='lat' dir='ltr'><strong>a</strong></span> <span class='ocrx_word' id='word_1_83' title='bbox 349 1555 508 1620; x_wconf 85' lang='lat' dir='ltr'><strong>memoria</strong></span> <span class='ocrx_word' id='word_1_84' title='bbox 521 1558 658 1639; x_wconf 79' lang='lat' dir='ltr'><strong>patriae;</strong></span> <span class='ocrx_word' id='word_1_85' title='bbox 673 1559 906 1641; x_wconf 80' lang='lat' dir='ltr'><strong>inibanturque</strong></span> <span class='ocrx_word' id='word_1_86' title='bbox 918 1559 1059 1622; x_wconf 85' lang='lat' dir='ltr'><strong>consilia</strong></span> <span class='ocrx_word' id='word_1_87' title='bbox 1073 1560 1106 1620; x_wconf 94' lang='lat' dir='ltr'><strong>in</strong></span> <span class='ocrx_word' id='word_1_88' title='bbox 1120 1559 1279 1642; x_wconf 85' lang='lat' dir='ltr'><strong>hybernis</strong></span> 
     </span>
     <span class='ocr_line' id='line_1_13' title="bbox 183 1655 1279 1743; baseline 0.005 -23"><span class='ocrx_word' id='word_1_89' title='bbox 183 1655 298 1720; x_wconf 90' lang='lat' dir='ltr'><strong>eodem</strong></span> <span class='ocrx_word' id='word_1_90' title='bbox 323 1655 449 1722; x_wconf 85' lang='lat' dir='ltr'><strong>scelere</strong></span> <span class='ocrx_word' id='word_1_91' title='bbox 475 1656 659 1722; x_wconf 83' lang='lat' dir='ltr'><strong>adimendae</strong></span> <span class='ocrx_word' id='word_1_92' title='bbox 676 1658 861 1743; x_wconf 85' lang='lat' dir='ltr'><strong>Campanis</strong></span> <span class='ocrx_word' id='word_1_93' title='bbox 876 1659 1017 1741; x_wconf 80' lang='lat' dir='ltr'><strong>Capuae,</strong></span> <span class='ocrx_word' id='word_1_94' title='bbox 1037 1679 1100 1741; x_wconf 89' lang='lat' dir='ltr'><strong>per</strong></span> <span class='ocrx_word' id='word_1_95' title='bbox 1118 1660 1208 1742; x_wconf 90' lang='lat' dir='ltr'><strong>quod</strong></span> <span class='ocrx_word' id='word_1_96' title='bbox 1229 1661 1279 1726; x_wconf 90' lang='lat' dir='ltr'><strong>illi</strong></span> 
     </span>
     <span class='ocr_line' id='line_1_14' title="bbox 183 1759 1280 1842; baseline 0.006 -23"><span class='ocrx_word' id='word_1_97' title='bbox 183 1775 257 1821; x_wconf 90' lang='lat' dir='ltr'><strong>eam</strong></span> <span class='ocrx_word' id='word_1_98' title='bbox 287 1760 437 1842; x_wconf 85' lang='lat' dir='ltr'><strong>antiquis</strong></span> <span class='ocrx_word' id='word_1_99' title='bbox 468 1759 653 1824; x_wconf 89' lang='lat' dir='ltr'><strong>cultoribus</strong></span> <span class='ocrx_word' id='word_1_100' title='bbox 682 1760 933 1824; x_wconf 75' lang='lat' dir='ltr'><strong>ademissent:m</strong></span> <span class='ocrx_word' id='word_1_101' title='bbox 956 1765 1087 1842; x_wconf 88' lang='lat' dir='ltr'><strong>‘oeque</strong></span> <span class='ocrx_word' id='word_1_102' title='bbox 1115 1761 1280 1826; x_wconf 89' lang='lat' dir='ltr'><strong>immerito</strong></span> 
     </span>
     <span class='ocr_line' id='line_1_15' title="bbox 184 1860 1279 1944; baseline 0.004 -24"><span class='ocrx_word' id='word_1_103' title='bbox 184 1875 280 1922; x_wconf 80' lang='lat' dir='ltr'><strong>suunt</strong></span> <span class='ocrx_word' id='word_1_104' title='bbox 295 1860 445 1943; x_wconf 86' lang='lat' dir='ltr'><strong>ipsorum</strong></span> <span class='ocrx_word' id='word_1_105' title='bbox 461 1860 652 1942; x_wconf 82' lang='lat' dir='ltr'><strong>exemplum</strong></span> <span class='ocrx_word' id='word_1_106' title='bbox 668 1861 702 1924; x_wconf 92' lang='lat' dir='ltr'><strong>in</strong></span> <span class='ocrx_word' id='word_1_107' title='bbox 717 1881 777 1926; x_wconf 88' lang='lat' dir='ltr'><strong>eos</strong></span> <span class='ocrx_word' id='word_1_108' title='bbox 793 1881 974 1926; x_wconf 86' lang='lat' dir='ltr'><strong>versurum.</strong></span> <span class='ocrx_word' id='word_1_109' title='bbox 1011 1860 1078 1926; x_wconf 86' lang='lat' dir='ltr'><strong>Cur</strong></span> <span class='ocrx_word' id='word_1_110' title='bbox 1092 1867 1202 1926; x_wconf 69' lang='lat' dir='ltr'><strong>summ</strong></span> <span class='ocrx_word' id='word_1_111' title='bbox 1217 1881 1279 1944; x_wconf 92' lang='lat' dir='ltr'><strong>po-</strong></span> 
     </span>
     <span class='ocr_line' id='line_1_16' title="bbox 185 1956 1278 2043; baseline 0.004 -24"><span class='ocrx_word' id='word_1_112' title='bbox 185 1956 253 2020; x_wconf 89' lang='lat' dir='ltr'><strong>tius</strong></span> <span class='ocrx_word' id='word_1_113' title='bbox 268 1956 432 2041; x_wconf 84' lang='lat' dir='ltr'><strong>Campani</strong></span> <span class='ocrx_word' id='word_1_114' title='bbox 442 1979 555 2041; x_wconf 79' lang='lat' dir='ltr'><strong>agrum</strong></span> <span class='ocrx_word' id='word_1_115' title='bbox 568 1959 679 2024; x_wconf 85' lang='lat' dir='ltr'><strong>Italiae</strong></span> <span class='ocrx_word' id='word_1_116' title='bbox 691 1961 899 2036; x_wconf 88' lang='lat' dir='ltr'><strong>uberrimum,</strong></span> <span class='ocrx_word' id='word_1_117' title='bbox 909 1961 1136 2043; x_wconf 73' lang='lat' dir='ltr'><strong>dignnmagro</strong></span> <span class='ocrx_word' id='word_1_118' title='bbox 1151 1962 1278 2039; x_wconf 85' lang='lat' dir='ltr'><strong>nrbem‚·</strong></span> 
     </span>
     <span class='ocr_line' id='line_1_17' title="bbox 185 2059 1279 2144; baseline 0.007 -24"><span class='ocrx_word' id='word_1_119' title='bbox 185 2059 244 2144; x_wconf 90' lang='lat' dir='ltr'><strong>qni</strong></span> <span class='ocrx_word' id='word_1_120' title='bbox 268 2079 328 2124; x_wconf 90' lang='lat' dir='ltr'><strong>neo</strong></span> <span class='ocrx_word' id='word_1_121' title='bbox 351 2079 389 2124; x_wconf 86' lang='lat' dir='ltr'><strong>se</strong></span> <span class='ocrx_word' id='word_1_122' title='bbox 412 2079 475 2123; x_wconf 89' lang='lat' dir='ltr'><strong>nec</strong></span> <span class='ocrx_word' id='word_1_123' title='bbox 495 2079 559 2124; x_wconf 85' lang='lat' dir='ltr'><strong>sua</strong></span> <span class='ocrx_word' id='word_1_124' title='bbox 578 2061 678 2124; x_wconf 86' lang='lat' dir='ltr'><strong>tutari</strong></span> <span class='ocrx_word' id='word_1_125' title='bbox 694 2062 836 2142; x_wconf 84' lang='lat' dir='ltr'><strong>possint,</strong></span> <span class='ocrx_word' id='word_1_126' title='bbox 859 2081 962 2144; x_wconf 85' lang='lat' dir='ltr'><strong>quam</strong></span> <span class='ocrx_word' id='word_1_127' title='bbox 982 2061 1090 2125; x_wconf 82' lang='lat' dir='ltr'><strong>victor</strong></span> <span class='ocrx_word' id='word_1_128' title='bbox 1111 2064 1279 2128; x_wconf 80' lang='lat' dir='ltr'><strong>exercitus</strong></span> 
     </span>
     <span class='ocr_line' id='line_1_18' title="bbox 184 2157 1280 2244; baseline 0.004 -22"><span class='ocrx_word' id='word_1_129' title='bbox 184 2157 331 2236; x_wconf 85' lang='lat' dir='ltr'><strong>baberet,</strong></span> <span class='ocrx_word' id='word_1_130' title='bbox 344 2159 402 2243; x_wconf 91' lang='lat' dir='ltr'><strong>qui</strong></span> <span class='ocrx_word' id='word_1_131' title='bbox 416 2158 610 2226; x_wconf 84' lang='lat' dir='ltr'><strong>suosudore</strong></span> <span class='ocrx_word' id='word_1_132' title='bbox 625 2178 665 2223; x_wconf 89' lang='lat' dir='ltr'><strong>ae</strong></span> <span class='ocrx_word' id='word_1_133' title='bbox 680 2162 840 2241; x_wconf 82' lang='lat' dir='ltr'><strong>sangnine</strong></span> <span class='ocrx_word' id='word_1_134' title='bbox 855 2161 932 2227; x_wconf 89' lang='lat' dir='ltr'><strong>inde</strong></span> <span class='ocrx_word' id='word_1_135' title='bbox 944 2161 1116 2225; x_wconf 84' lang='lat' dir='ltr'><strong>Samnites</strong></span> <span class='ocrx_word' id='word_1_136' title='bbox 1130 2161 1280 2244; x_wconf 69' lang='lat' dir='ltr'><strong>uaporis</strong></span> 
     </span>
     <span class='ocr_line' id='line_1_19' title="bbox 185 2259 1281 2343; baseline 0.005 -22"><span class='ocrx_word' id='word_1_137' title='bbox 185 2260 262 2330; x_wconf 80' lang='lat' dir='ltr'><strong>setl</strong></span> <span class='ocrx_word' id='word_1_138' title='bbox 301 2259 360 2332; x_wconf 65' lang='lat' dir='ltr'><strong>,Aa</strong></span> <span class='ocrx_word' id='word_1_139' title='bbox 376 2280 506 2343; x_wconf 84' lang='lat' dir='ltr'><strong>aequum</strong></span> <span class='ocrx_word' id='word_1_140' title='bbox 522 2281 609 2338; x_wconf 87' lang='lat' dir='ltr'><strong>esse,</strong></span> <span class='ocrx_word' id='word_1_141' title='bbox 625 2261 898 2328; x_wconf 75' lang='lat' dir='ltr'><strong>dediticiosmos</strong></span> <span class='ocrx_word' id='word_1_142' title='bbox 918 2261 979 2330; x_wconf 84' lang='lat' dir='ltr'><strong>illo</strong></span> <span class='ocrx_word' id='word_1_143' title='bbox 993 2262 1162 2326; x_wconf 82' lang='lat' dir='ltr'><strong>fertilitate</strong></span> <span class='ocrx_word' id='word_1_144' title='bbox 1178 2267 1281 2342; x_wconf 84' lang='lat' dir='ltr'><strong>atque</strong></span> 
     </span>
     <span class='ocr_line' id='line_1_20' title="bbox 186 2361 1279 2448; baseline 0.003 -25"><span class='ocrx_word' id='word_1_145' title='bbox 186 2361 379 2425; x_wconf 86' lang='lat' dir='ltr'><strong>amoenitate</strong></span> <span class='ocrx_word' id='word_1_146' title='bbox 394 2361 535 2444; x_wconf 80' lang='lat' dir='ltr'><strong>perimi3</strong></span> <span class='ocrx_word' id='word_1_147' title='bbox 549 2381 597 2439; x_wconf 84' lang='lat' dir='ltr'><strong>se,</strong></span> <span class='ocrx_word' id='word_1_148' title='bbox 611 2363 789 2428; x_wconf 89' lang='lat' dir='ltr'><strong>militando</strong></span> <span class='ocrx_word' id='word_1_149' title='bbox 805 2363 926 2439; x_wconf 85' lang='lat' dir='ltr'><strong>fessos,</strong></span> <span class='ocrx_word' id='word_1_150' title='bbox 938 2363 972 2426; x_wconf 91' lang='lat' dir='ltr'><strong>in</strong></span> <span class='ocrx_word' id='word_1_151' title='bbox 989 2362 1166 2448; x_wconf 83' lang='lat' dir='ltr'><strong>pestilente</strong></span> <span class='ocrx_word' id='word_1_152' title='bbox 1179 2371 1279 2444; x_wconf 90' lang='lat' dir='ltr'><strong>atque</strong></span> 
     </span>
     <span class='ocr_line' id='line_1_21' title="bbox 185 2460 1281 2539; baseline 0.003 -16"><span class='ocrx_word' id='word_1_153' title='bbox 185 2460 280 2524; x_wconf 82' lang='lat' dir='ltr'><strong>arido</strong></span> <span class='ocrx_word' id='word_1_154' title='bbox 292 2462 384 2526; x_wconf 85' lang='lat' dir='ltr'><strong>circa</strong></span> <span class='ocrx_word' id='word_1_155' title='bbox 399 2461 524 2526; x_wconf 81' lang='lat' dir='ltr'><strong>Urbem</strong></span> <span class='ocrx_word' id='word_1_156' title='bbox 540 2462 617 2526; x_wconf 90' lang='lat' dir='ltr'><strong>solo</strong></span> <span class='ocrx_word' id='word_1_157' title='bbox 630 2469 640 2516; x_wconf 78' lang='lat' dir='ltr'><strong>t</strong></span> <span class='ocrx_word' id='word_1_158' title='bbox 655 2463 787 2539; x_wconf 85' lang='lat' dir='ltr'><strong>luctari,</strong></span> <span class='ocrx_word' id='word_1_159' title='bbox 805 2471 863 2528; x_wconf 87' lang='lat' dir='ltr'><strong>aut</strong></span> <span class='ocrx_word' id='word_1_160' title='bbox 876 2464 911 2526; x_wconf 90' lang='lat' dir='ltr'><strong>iu</strong></span> <span class='ocrx_word' id='word_1_161' title='bbox 925 2464 1006 2526; x_wconf 87' lang='lat' dir='ltr'><strong>urbe</strong></span> <span class='ocrx_word' id='word_1_162' title='bbox 1019 2462 1213 2526; x_wconf 87' lang='lat' dir='ltr'><strong>insidentem</strong></span> <span class='ocrx_word' id='word_1_163' title='bbox 1228 2471 1281 2526; x_wconf 85' lang='lat' dir='ltr'><strong>ta·</strong></span> 
     </span>
    </p>
   </div>
   <div class='ocr_carea' id='block_1_3' title="bbox 640 2623 823 2646">
    <p class='ocr_par' dir='ltr' id='par_1_3' title="bbox 640 2623 823 2646">
     <span class='ocr_line' id='line_1_22' title="bbox 640 2623 823 2646; baseline 0.005 -2"><span class='ocrx_word' id='word_1_164' title='bbox 640 2623 823 2646; x_wconf 63' lang='grc' dir='ltr'><strong><em>ΟΙΝΝΜ</em></strong></span> 
     </span>
    </p>
   </div>
   <div class='ocr_carea' id='block_1_4' title="bbox 185 2679 1281 2850">
    <p class='ocr_par' dir='ltr' id='par_1_4' title="bbox 185 2679 1281 2850">
     <span class='ocr_line' id='line_1_23' title="bbox 185 2679 1280 2809; baseline 0 -39"><span class='ocrx_word' id='word_1_165' title='bbox 185 2721 275 2786; x_wconf 80' lang='lat' dir='ltr'><strong>fuerit,</strong></span> <span class='ocrx_word' id='word_1_166' title='bbox 285 2737 337 2770; x_wconf 77' lang='lat' dir='ltr'><strong>cars</strong></span> <span class='ocrx_word' id='word_1_167' title='bbox 346 2721 447 2796; x_wconf 60' lang='lat' dir='ltr'><strong>irdudfs</strong></span> <span class='ocrx_word' id='word_1_168' title='bbox 457 2720 577 2798; x_wconf 55' lang='lat' dir='ltr'><strong>exissent}</strong></span> <span class='ocrx_word' id='word_1_169' title='bbox 595 2721 622 2772; x_wconf 83' lang='lat' dir='ltr'><strong>J.</strong></span> <span class='ocrx_word' id='word_1_170' title='bbox 633 2722 663 2771; x_wconf 82' lang='lat' dir='ltr'><strong>F.</strong></span> <span class='ocrx_word' id='word_1_171' title='bbox 674 2723 882 2800; x_wconf 58' lang='lat' dir='ltr'><strong>Grouor5-18f</strong></span> <span class='ocrx_word' id='word_1_172' title='bbox 891 2723 1042 2809; x_wconf 50' lang='lat' dir='ltr'><strong>Lagentium</strong></span> <span class='ocrx_word' id='word_1_173' title='bbox 1054 2737 1113 2772; x_wconf 83' lang='lat' dir='ltr'><strong>esse</strong></span> <span class='ocrx_word' id='word_1_174' title='bbox 1128 2679 1280 2771; x_wconf 66' lang='lat' dir='ltr'><strong>Sremlnb-</strong></span> 
     </span>
     <span class='ocr_line' id='line_1_24' title="bbox 185 2785 1281 2850; baseline 0 -12"><span class='ocrx_word' id='word_1_175' title='bbox 185 2801 239 2838; x_wconf 73' lang='lat' dir='ltr'><strong>rum</strong></span> <span class='ocrx_word' id='word_1_176' title='bbox 254 2796 342 2850; x_wconf 84' lang='lat' dir='ltr'><strong>pstetr</strong></span> <span class='ocrx_word' id='word_1_177' title='bbox 358 2787 404 2836; x_wconf 81' lang='lat' dir='ltr'><strong>sed</strong></span> <span class='ocrx_word' id='word_1_178' title='bbox 419 2799 474 2848; x_wconf 79' lang='lat' dir='ltr'><strong>ant</strong></span> <span class='ocrx_word' id='word_1_179' title='bbox 491 2785 622 2849; x_wconf 61' lang='lat' dir='ltr'><strong>strumum</strong></span> <span class='ocrx_word' id='word_1_180' title='bbox 638 2785 687 2836; x_wconf 87' lang='lat' dir='ltr'><strong>boc</strong></span> <span class='ocrx_word' id='word_1_181' title='bbox 704 2801 832 2838; x_wconf 81' lang='lat' dir='ltr'><strong>monuisse</strong></span> <span class='ocrx_word' id='word_1_182' title='bbox 847 2787 933 2839; x_wconf 79' lang='lat' dir='ltr'><strong>video.</strong></span> <span class='ocrx_word' id='word_1_183' title='bbox 958 2787 1052 2838; x_wconf 80' lang='lat' dir='ltr'><strong>Strati.</strong></span> <span class='ocrx_word' id='word_1_184' title='bbox 1085 2787 1281 2838; x_wconf 59' lang='lat' dir='ltr'><strong>Summum·</strong></span> 
     </span>
    </p>
   </div>
   <div class='ocr_carea' id='block_1_5' title="bbox 676 2932 784 2984">
    <p class='ocr_par' dir='ltr' id='par_1_5' title="bbox 676 2932 784 2984">
     <span class='ocr_line' id='line_1_25' title="bbox 676 2932 784 2984; baseline 0.019 -2"><span class='ocrx_word' id='word_1_185' title='bbox 676 2932 784 2984; x_wconf 81' lang='lat' dir='ltr'>NOTAE</span> 
     </span>
    </p>
   </div>
   <div class='ocr_carea' id='block_1_6' title="bbox 184 3026 1282 4224">
    <p class='ocr_par' dir='ltr' id='par_1_6' title="bbox 185 3026 1282 3322">
     <span class='ocr_line' id='line_1_26' title="bbox 187 3026 1282 3094; baseline -0.002 -16"><span class='ocrx_word' id='word_1_186' title='bbox 187 3047 189 3050; x_wconf 94' lang='lat'>·</span> <span class='ocrx_word' id='word_1_187' title='bbox 223 3027 554 3092; x_wconf 59' lang='lat' dir='ltr'><strong>muneremunere</strong></span> <span class='ocrx_word' id='word_1_188' title='bbox 574 3027 712 3079; x_wconf 79' lang='lat' dir='ltr'><strong>sucreboc</strong></span> <span class='ocrx_word' id='word_1_189' title='bbox 784 3037 803 3064; x_wconf 59' lang='grc' dir='ltr'>ὓ</span> <span class='ocrx_word' id='word_1_190' title='bbox 820 3029 988 3094; x_wconf 77' lang='lat' dir='ltr'><strong>Perqrodilli</strong></span> <span class='ocrx_word' id='word_1_191' title='bbox 1003 3043 1055 3078; x_wconf 78' lang='lat' dir='ltr'><strong>eust</strong></span> <span class='ocrx_word' id='word_1_192' title='bbox 1072 3026 1175 3088; x_wconf 83' lang='lat' dir='ltr'><strong>ustiqrrt&#39;s</strong></span> <span class='ocrx_word' id='word_1_193' title='bbox 1185 3027 1282 3077; x_wconf 74' lang='lat' dir='ltr'><strong>mlieri-</strong></span> 
     </span>
     <span class='ocr_line' id='line_1_27' title="bbox 186 3101 1279 3168; baseline -0.005 -12"><span class='ocrx_word' id='word_1_194' title='bbox 186 3112 311 3156; x_wconf 85' lang='lat' dir='ltr'><strong>terrsrum</strong></span> <span class='ocrx_word' id='word_1_195' title='bbox 334 3112 419 3154; x_wconf 79' lang='lat' dir='ltr'><strong>tractu</strong></span> <span class='ocrx_word' id='word_1_196' title='bbox 437 3104 533 3168; x_wconf 84' lang='lat' dir='ltr'><strong>oppida</strong></span> <span class='ocrx_word' id='word_1_197' title='bbox 546 3105 647 3154; x_wconf 74' lang='lat' dir='ltr'><strong>Suessa</strong></span> <span class='ocrx_word' id='word_1_198' title='bbox 668 3119 712 3154; x_wconf 89' lang='lat' dir='ltr'><strong>no·</strong></span> <span class='ocrx_word' id='word_1_199' title='bbox 752 3107 796 3156; x_wconf 80' lang='lat' dir='ltr'><strong>bas</strong></span> <span class='ocrx_word' id='word_1_200' title='bbox 808 3104 962 3167; x_wconf 74' lang='lat' dir='ltr'><strong>edentium]</strong></span> <span class='ocrx_word' id='word_1_201' title='bbox 986 3103 1054 3154; x_wconf 84' lang='lat' dir='ltr'><strong>Nori</strong></span> <span class='ocrx_word' id='word_1_202' title='bbox 1074 3117 1107 3150; x_wconf 82' lang='lat' dir='ltr'><strong>es</strong></span> <span class='ocrx_word' id='word_1_203' title='bbox 1122 3101 1279 3151; x_wconf 83' lang='lat' dir='ltr'><strong>Samnitibus</strong></span> 
     </span>
     <span class='ocr_line' id='line_1_28' title="bbox 186 3177 1280 3245; baseline -0.005 -13"><span class='ocrx_word' id='word_1_204' title='bbox 186 3181 712 3245; x_wconf 76' lang='lat' dir='ltr'><strong>mine:PometisVolscoruur,quaert&#39;l&#39;ar·</strong></span> <span class='ocrx_word' id='word_1_205' title='bbox 753 3181 888 3244; x_wconf 66' lang='lat' dir='ltr'><strong>Campani,</strong></span> <span class='ocrx_word' id='word_1_206' title='bbox 905 3179 1017 3242; x_wconf 75' lang='lat' dir='ltr'><strong>antiquis</strong></span> <span class='ocrx_word' id='word_1_207' title='bbox 1036 3177 1134 3229; x_wconf 84' lang='lat' dir='ltr'><strong>ciuibus</strong></span> <span class='ocrx_word' id='word_1_208' title='bbox 1154 3177 1280 3227; x_wconf 83' lang='lat' dir='ltr'><strong>Etruscis.</strong></span> 
     </span>
     <span class='ocr_line' id='line_1_29' title="bbox 185 3254 1141 3322; baseline -0.006 -15"><span class='ocrx_word' id='word_1_209' title='bbox 185 3258 265 3322; x_wconf 89' lang='lat' dir='ltr'><strong>quinii</strong></span> <span class='ocrx_word' id='word_1_210' title='bbox 284 3258 395 3321; x_wconf 83' lang='lat' dir='ltr'><strong>Superbi</strong></span> <span class='ocrx_word' id='word_1_211' title='bbox 407 3257 565 3322; x_wconf 82' lang='lat' dir='ltr'><strong>temporibus</strong></span> <span class='ocrx_word' id='word_1_212' title='bbox 574 3270 675 3320; x_wconf 75' lang='lat' dir='ltr'><strong>everis,</strong></span> <span class='ocrx_word' id='word_1_213' title='bbox 687 3265 714 3305; x_wconf 79' lang='lat' dir='ltr'><strong>et</strong></span> <span class='ocrx_word' id='word_1_214' title='bbox 753 3255 822 3306; x_wconf 87' lang='lat' dir='ltr'><strong>Vide</strong></span> <span class='ocrx_word' id='word_1_215' title='bbox 833 3268 911 3318; x_wconf 76' lang='lat' dir='ltr'><strong>supra</strong></span> <span class='ocrx_word' id='word_1_216' title='bbox 922 3254 968 3303; x_wconf 86' lang='lat' dir='ltr'><strong>lib.</strong></span> <span class='ocrx_word' id='word_1_217' title='bbox 979 3266 1019 3303; x_wconf 80' lang='lat' dir='ltr'><strong>tu.</strong></span> <span class='ocrx_word' id='word_1_218' title='bbox 1030 3268 1088 3316; x_wconf 85' lang='lat' dir='ltr'><strong>esp.</strong></span> <span class='ocrx_word' id='word_1_219' title='bbox 1099 3255 1141 3301; x_wconf 73' lang='grc'><strong>81.</strong></span> 
     </span>
    </p>

    <p class='ocr_par' dir='ltr' id='par_1_7' title="bbox 184 3327 1282 4224">
     <span class='ocr_line' id='line_1_30' title="bbox 186 3327 1281 3398; baseline -0.007 -14"><span class='ocrx_word' id='word_1_220' title='bbox 186 3333 319 3394; x_wconf 76' lang='lat' dir='ltr'><strong>Aurunca,</strong></span> <span class='ocrx_word' id='word_1_221' title='bbox 337 3349 396 3398; x_wconf 76' lang='lat' dir='ltr'><strong>quae</strong></span> <span class='ocrx_word' id='word_1_222' title='bbox 416 3335 486 3382; x_wconf 78' lang='lat' dir='ltr'><strong>inter</strong></span> <span class='ocrx_word' id='word_1_223' title='bbox 501 3333 580 3383; x_wconf 86' lang='lat' dir='ltr'><strong>Lirim</strong></span> <span class='ocrx_word' id='word_1_224' title='bbox 596 3342 623 3383; x_wconf 87' lang='lat' dir='ltr'><strong>et</strong></span> <span class='ocrx_word' id='word_1_225' title='bbox 633 3333 712 3383; x_wconf 70' lang='lat' dir='ltr'><strong>stro·</strong></span> <span class='ocrx_word' id='word_1_226' title='bbox 786 3339 798 3385; x_wconf 89' lang='lat' dir='ltr'><strong>t</strong></span> <span class='ocrx_word' id='word_1_227' title='bbox 816 3330 846 3379; x_wconf 88' lang='lat' dir='ltr'><strong>lrt</strong></span> <span class='ocrx_word' id='word_1_228' title='bbox 859 3329 984 3393; x_wconf 66' lang='lat' dir='ltr'><strong>partilem</strong></span> <span class='ocrx_word' id='word_1_229' title='bbox 999 3333 1069 3391; x_wconf 77' lang='lat' dir='ltr'><strong>utque</strong></span> <span class='ocrx_word' id='word_1_230' title='bbox 1079 3329 1145 3377; x_wconf 80' lang='lat' dir='ltr'><strong>arido</strong></span> <span class='ocrx_word' id='word_1_231' title='bbox 1155 3329 1220 3376; x_wconf 72' lang='lat' dir='ltr'><strong>drus</strong></span> <span class='ocrx_word' id='word_1_232' title='bbox 1233 3327 1281 3376; x_wconf 86' lang='lat' dir='ltr'><strong>Ur·</strong></span> 
     </span>
     <span class='ocr_line' id='line_1_31' title="bbox 185 3404 1280 3472; baseline -0.002 -16"><span class='ocrx_word' id='word_1_233' title='bbox 185 3409 310 3471; x_wconf 87' lang='lat' dir='ltr'><strong>nem,snb</strong></span> <span class='ocrx_word' id='word_1_234' title='bbox 318 3409 433 3458; x_wconf 85' lang='lat' dir='ltr'><strong>lllsssico</strong></span> <span class='ocrx_word' id='word_1_235' title='bbox 442 3415 539 3471; x_wconf 83' lang='lat' dir='ltr'><strong>moute,</strong></span> <span class='ocrx_word' id='word_1_236' title='bbox 547 3409 656 3472; x_wconf 82' lang='lat' dir='ltr'><strong>simplici</strong></span> <span class='ocrx_word' id='word_1_237' title='bbox 666 3410 713 3459; x_wconf 79' lang='lat' dir='ltr'><strong>Su·</strong></span> <span class='ocrx_word' id='word_1_238' title='bbox 753 3405 869 3467; x_wconf 77' lang='lat' dir='ltr'><strong>bsmsols]</strong></span> <span class='ocrx_word' id='word_1_239' title='bbox 880 3404 1034 3468; x_wconf 77' lang='lat' dir='ltr'><strong>0mues,qui</strong></span> <span class='ocrx_word' id='word_1_240' title='bbox 1043 3404 1280 3466; x_wconf 69' lang='lat' dir='ltr'><strong>Rumsuumsgrunt</strong></span> 
     </span>
     <span class='ocr_line' id='line_1_32' title="bbox 186 3480 1282 3549; baseline -0.002 -17"><span class='ocrx_word' id='word_1_241' title='bbox 186 3496 253 3532; x_wconf 77' lang='lat' dir='ltr'><strong>essse</strong></span> <span class='ocrx_word' id='word_1_242' title='bbox 265 3484 366 3533; x_wconf 86' lang='lat' dir='ltr'><strong>nomine</strong></span> <span class='ocrx_word' id='word_1_243' title='bbox 377 3483 498 3546; x_wconf 75' lang='lat' dir='ltr'><strong>intelligi,</strong></span> <span class='ocrx_word' id='word_1_244' title='bbox 515 3490 543 3532; x_wconf 89' lang='lat' dir='ltr'><strong>et</strong></span> <span class='ocrx_word' id='word_1_245' title='bbox 559 3484 643 3549; x_wconf 80' lang='lat' dir='ltr'><strong>aliquo</strong></span> <span class='ocrx_word' id='word_1_246' title='bbox 653 3491 713 3548; x_wconf 87' lang='lat' dir='ltr'><strong>post</strong></span> <span class='ocrx_word' id='word_1_247' title='bbox 753 3480 1282 3545; x_wconf 66' lang='lat' dir='ltr'><strong>videmnuetoertrtepraetertimincntu·</strong></span> 
     </span>
     <span class='ocr_line' id='line_1_33' title="bbox 185 3556 1282 3622; baseline -0.001 -16"><span class='ocrx_word' id='word_1_248' title='bbox 185 3557 714 3620; x_wconf 70' lang='lat' dir='ltr'><strong>bectemporecoloniaRomanorumesse</strong></span> <span class='ocrx_word' id='word_1_249' title='bbox 755 3559 832 3622; x_wconf 76' lang='lat' dir='ltr'><strong>panis</strong></span> <span class='ocrx_word' id='word_1_250' title='bbox 854 3559 980 3612; x_wconf 64' lang='lat' dir='ltr'><strong>Roman</strong></span> <span class='ocrx_word' id='word_1_251' title='bbox 1001 3565 1031 3606; x_wconf 87' lang='lat' dir='ltr'><strong>nt</strong></span> <span class='ocrx_word' id='word_1_252' title='bbox 1050 3571 1117 3606; x_wconf 85' lang='lat' dir='ltr'><strong>nunc</strong></span> <span class='ocrx_word' id='word_1_253' title='bbox 1135 3556 1282 3621; x_wconf 83' lang='lat' dir='ltr'><strong>loquuntur,</strong></span> 
     </span>
     <span class='ocr_line' id='line_1_34' title="bbox 186 3631 1281 3696; baseline -0.002 -14"><span class='ocrx_word' id='word_1_254' title='bbox 186 3632 277 3696; x_wconf 77' lang='lat' dir='ltr'><strong>coepit.</strong></span> <span class='ocrx_word' id='word_1_255' title='bbox 302 3631 389 3682; x_wconf 79' lang='lat' dir='ltr'><strong>lludle</strong></span> <span class='ocrx_word' id='word_1_256' title='bbox 397 3632 467 3682; x_wconf 75' lang='lat' dir='ltr'><strong>nem</strong></span> <span class='ocrx_word' id='word_1_257' title='bbox 478 3633 502 3681; x_wconf 91' lang='lat' dir='ltr'><strong>lu</strong></span> <span class='ocrx_word' id='word_1_258' title='bbox 515 3640 585 3682; x_wconf 86' lang='lat' dir='ltr'><strong>terrs</strong></span> <span class='ocrx_word' id='word_1_259' title='bbox 597 3633 714 3696; x_wconf 80' lang='lat' dir='ltr'><strong>Laboris,</strong></span> <span class='ocrx_word' id='word_1_260' title='bbox 754 3634 806 3682; x_wconf 84' lang='lat' dir='ltr'><strong>iter</strong></span> <span class='ocrx_word' id='word_1_261' title='bbox 816 3632 945 3688; x_wconf 80' lang='lat' dir='ltr'><strong>fecerunt.</strong></span> <span class='ocrx_word' id='word_1_262' title='bbox 953 3633 1020 3682; x_wconf 82' lang='lat' dir='ltr'><strong>idern</strong></span> <span class='ocrx_word' id='word_1_263' title='bbox 1029 3647 1133 3682; x_wconf 85' lang='lat' dir='ltr'><strong>unoore</strong></span> <span class='ocrx_word' id='word_1_264' title='bbox 1142 3638 1281 3680; x_wconf 76' lang='lat' dir='ltr'><strong>testentur.</strong></span> 
     </span>
     <span class='ocr_line' id='line_1_35' title="bbox 185 3706 1281 3772; baseline -0.002 -16"><span class='ocrx_word' id='word_1_265' title='bbox 185 3709 309 3772; x_wconf 72' lang='lat' dir='ltr'><strong>regnique</strong></span> <span class='ocrx_word' id='word_1_266' title='bbox 327 3706 495 3771; x_wconf 79' lang='lat' dir='ltr'><strong>Neapolitani</strong></span> <span class='ocrx_word' id='word_1_267' title='bbox 514 3707 609 3757; x_wconf 89' lang='lat' dir='ltr'><strong>limine.</strong></span> <span class='ocrx_word' id='word_1_268' title='bbox 641 3707 715 3771; x_wconf 77' lang='lat' dir='ltr'><strong>Sigo-</strong></span> <span class='ocrx_word' id='word_1_269' title='bbox 755 3710 791 3758; x_wconf 81' lang='lat' dir='ltr'><strong>At</strong></span> <span class='ocrx_word' id='word_1_270' title='bbox 807 3717 884 3759; x_wconf 85' lang='lat' dir='ltr'><strong>tutes</strong></span> <span class='ocrx_word' id='word_1_271' title='bbox 901 3710 948 3758; x_wconf 92' lang='lat' dir='ltr'><strong>lib.</strong></span> <span class='ocrx_word' id='word_1_272' title='bbox 963 3721 990 3759; x_wconf 77' lang='lat' dir='ltr'><strong>v.</strong></span> <span class='ocrx_word' id='word_1_273' title='bbox 1005 3723 1065 3771; x_wconf 87' lang='lat' dir='ltr'><strong>esp.</strong></span> <span class='ocrx_word' id='word_1_274' title='bbox 1084 3712 1125 3758; x_wconf 73' lang='grc'><strong>54.</strong></span> <span class='ocrx_word' id='word_1_275' title='bbox 1140 3706 1281 3756; x_wconf 79' lang='lat' dir='ltr'><strong>saluberri-</strong></span> 
     </span>
     <span class='ocr_line' id='line_1_36' title="bbox 186 3780 1281 3848; baseline -0.005 -16"><span class='ocrx_word' id='word_1_276' title='bbox 186 3785 445 3834; x_wconf 82' lang='lat' dir='ltr'><strong>uiusSuersulusorrus</strong></span> <span class='ocrx_word' id='word_1_277' title='bbox 455 3792 530 3848; x_wconf 80' lang='lat' dir='ltr'><strong>putat</strong></span> <span class='ocrx_word' id='word_1_278' title='bbox 542 3783 687 3846; x_wconf 74' lang='lat' dir='ltr'><strong>legendnm,</strong></span> <span class='ocrx_word' id='word_1_279' title='bbox 698 3800 714 3833; x_wconf 85' lang='lat' dir='ltr'><strong>s</strong></span> <span class='ocrx_word' id='word_1_280' title='bbox 754 3799 810 3835; x_wconf 87' lang='lat' dir='ltr'><strong>mus</strong></span> <span class='ocrx_word' id='word_1_281' title='bbox 818 3785 897 3834; x_wconf 82' lang='lat' dir='ltr'><strong>colles</strong></span> <span class='ocrx_word' id='word_1_282' title='bbox 907 3785 978 3833; x_wconf 90' lang='lat' dir='ltr'><strong>urbis</strong></span> <span class='ocrx_word' id='word_1_283' title='bbox 990 3784 1081 3832; x_wconf 75' lang='lat' dir='ltr'><strong>Romus</strong></span> <span class='ocrx_word' id='word_1_284' title='bbox 1088 3783 1175 3845; x_wconf 79' lang='lat' dir='ltr'><strong>jactet</strong></span> <span class='ocrx_word' id='word_1_285' title='bbox 1185 3780 1281 3830; x_wconf 70' lang='lat' dir='ltr'><strong>cimil·</strong></span> 
     </span>
     <span class='ocr_line' id='line_1_37' title="bbox 184 3856 1282 3924; baseline -0.003 -14"><span class='ocrx_word' id='word_1_286' title='bbox 184 3860 317 3923; x_wconf 77' lang='lat' dir='ltr'><strong>Suessula,</strong></span> <span class='ocrx_word' id='word_1_287' title='bbox 338 3859 370 3910; x_wconf 86' lang='lat' dir='ltr'><strong>sd</strong></span> <span class='ocrx_word' id='word_1_288' title='bbox 392 3873 466 3924; x_wconf 84' lang='lat' dir='ltr'><strong>quent</strong></span> <span class='ocrx_word' id='word_1_289' title='bbox 495 3868 636 3922; x_wconf 74' lang='lat' dir='ltr'><strong>pugnaturn</strong></span> <span class='ocrx_word' id='word_1_290' title='bbox 663 3868 713 3910; x_wconf 83' lang='lat' dir='ltr'><strong>est.</strong></span> <span class='ocrx_word' id='word_1_291' title='bbox 753 3863 802 3912; x_wconf 89' lang='lat' dir='ltr'><strong>lus.</strong></span> <span class='ocrx_word' id='word_1_292' title='bbox 826 3861 1007 3923; x_wconf 75' lang='lat' dir='ltr'><strong>lust.l.ipsios</strong></span> <span class='ocrx_word' id='word_1_293' title='bbox 1025 3859 1058 3907; x_wconf 86' lang='lat' dir='ltr'><strong>de</strong></span> <span class='ocrx_word' id='word_1_294' title='bbox 1078 3857 1186 3920; x_wconf 75' lang='lat' dir='ltr'><strong>magnit.</strong></span> <span class='ocrx_word' id='word_1_295' title='bbox 1204 3856 1282 3907; x_wconf 82' lang='lat' dir='ltr'><strong>Rom.</strong></span> 
     </span>
     <span class='ocr_line' id='line_1_38' title="bbox 185 3932 1281 4000; baseline -0.005 -12"><span class='ocrx_word' id='word_1_296' title='bbox 185 3937 238 3988; x_wconf 79' lang='lat' dir='ltr'><strong>Sed</strong></span> <span class='ocrx_word' id='word_1_297' title='bbox 253 3937 383 3998; x_wconf 78' lang='lat' dir='ltr'><strong>Suessula,</strong></span> <span class='ocrx_word' id='word_1_298' title='bbox 401 3935 427 3984; x_wconf 90' lang='lat' dir='ltr'><strong>iu</strong></span> <span class='ocrx_word' id='word_1_299' title='bbox 439 3935 625 3998; x_wconf 76' lang='lat' dir='ltr'><strong>Campsumum</strong></span> <span class='ocrx_word' id='word_1_300' title='bbox 643 3951 715 4000; x_wconf 69' lang='lat' dir='ltr'><strong>apro,</strong></span> <span class='ocrx_word' id='word_1_301' title='bbox 754 3936 772 3986; x_wconf 91' lang='lat' dir='ltr'><strong>l.</strong></span> <span class='ocrx_word' id='word_1_302' title='bbox 785 3949 828 3985; x_wconf 88' lang='lat' dir='ltr'><strong>tn.</strong></span> <span class='ocrx_word' id='word_1_303' title='bbox 838 3951 862 3985; x_wconf 88' lang='lat' dir='ltr'><strong>c.</strong></span> <span class='ocrx_word' id='word_1_304' title='bbox 874 3939 898 3984; x_wconf 89' lang='lat' dir='ltr'><strong>l.</strong></span> <span class='ocrx_word' id='word_1_305' title='bbox 908 3936 946 3982; x_wconf 88' lang='lat' dir='ltr'><strong>sit</strong></span> <span class='ocrx_word' id='word_1_306' title='bbox 961 3933 1038 3981; x_wconf 85' lang='lat' dir='ltr'><strong>bodie</strong></span> <span class='ocrx_word' id='word_1_307' title='bbox 1054 3932 1097 3979; x_wconf 81' lang='lat' dir='ltr'><strong>uix</strong></span> <span class='ocrx_word' id='word_1_308' title='bbox 1108 3932 1145 3978; x_wconf 87' lang='lat' dir='ltr'><strong>its</strong></span> <span class='ocrx_word' id='word_1_309' title='bbox 1155 3944 1222 3993; x_wconf 80' lang='lat' dir='ltr'><strong>esse,</strong></span> <span class='ocrx_word' id='word_1_310' title='bbox 1233 3932 1281 3983; x_wconf 81' lang='lat' dir='ltr'><strong>sed</strong></span> 
     </span>
     <span class='ocr_line' id='line_1_39' title="bbox 186 4005 1280 4078; baseline -0.008 -15"><span class='ocrx_word' id='word_1_311' title='bbox 186 4012 346 4078; x_wconf 78' lang='lat' dir='ltr'><strong>praesidium,</strong></span> <span class='ocrx_word' id='word_1_312' title='bbox 357 4011 458 4074; x_wconf 89' lang='lat' dir='ltr'><strong>opinor.</strong></span> <span class='ocrx_word' id='word_1_313' title='bbox 469 4025 527 4060; x_wconf 82' lang='lat' dir='ltr'><strong>cum</strong></span> <span class='ocrx_word' id='word_1_314' title='bbox 538 4012 628 4075; x_wconf 81' lang='lat' dir='ltr'><strong>Capua</strong></span> <span class='ocrx_word' id='word_1_315' title='bbox 639 4026 712 4062; x_wconf 83' lang='lat' dir='ltr'><strong>scca·</strong></span> <span class='ocrx_word' id='word_1_316' title='bbox 753 4025 858 4062; x_wconf 76' lang='lat' dir='ltr'><strong>causam</strong></span> <span class='ocrx_word' id='word_1_317' title='bbox 869 4009 959 4058; x_wconf 87' lang='lat' dir='ltr'><strong>tribuit</strong></span> <span class='ocrx_word' id='word_1_318' title='bbox 969 4021 1026 4056; x_wconf 87' lang='lat' dir='ltr'><strong>conr</strong></span> <span class='ocrx_word' id='word_1_319' title='bbox 1038 4005 1171 4054; x_wconf 81' lang='lat' dir='ltr'><strong>solitudini</strong></span> <span class='ocrx_word' id='word_1_320' title='bbox 1190 4015 1219 4056; x_wconf 86' lang='lat' dir='ltr'><strong>et</strong></span> <span class='ocrx_word' id='word_1_321' title='bbox 1235 4006 1280 4054; x_wconf 81' lang='lat' dir='ltr'><strong>de-</strong></span> 
     </span>
     <span class='ocr_line' id='line_1_40' title="bbox 186 4081 1279 4152; baseline -0.007 -14"><span class='ocrx_word' id='word_1_322' title='bbox 186 4091 233 4152; x_wconf 88' lang='lat' dir='ltr'><strong>pit.</strong></span> <span class='ocrx_word' id='word_1_323' title='bbox 266 4088 361 4136; x_wconf 76' lang='lat' dir='ltr'><strong>linem</strong></span> <span class='ocrx_word' id='word_1_324' title='bbox 377 4087 453 4149; x_wconf 83' lang='lat' dir='ltr'><strong>paulo</strong></span> <span class='ocrx_word' id='word_1_325' title='bbox 464 4087 596 4142; x_wconf 88' lang='lat' dir='ltr'><strong>remotior,</strong></span> <span class='ocrx_word' id='word_1_326' title='bbox 606 4102 655 4137; x_wconf 80' lang='lat' dir='ltr'><strong>uae</strong></span> <span class='ocrx_word' id='word_1_327' title='bbox 667 4089 712 4136; x_wconf 85' lang='lat' dir='ltr'><strong>rni-</strong></span> <span class='ocrx_word' id='word_1_328' title='bbox 753 4086 870 4145; x_wconf 80' lang='lat' dir='ltr'><strong>sartioni,</strong></span> <span class='ocrx_word' id='word_1_329' title='bbox 889 4093 943 4132; x_wconf 88' lang='lat' dir='ltr'><strong>turo</strong></span> <span class='ocrx_word' id='word_1_330' title='bbox 960 4084 1027 4130; x_wconf 87' lang='lat' dir='ltr'><strong>suris</strong></span> <span class='ocrx_word' id='word_1_331' title='bbox 1044 4094 1058 4128; x_wconf 79' lang='lat' dir='ltr'><strong>e</strong></span> <span class='ocrx_word' id='word_1_332' title='bbox 1077 4081 1168 4130; x_wconf 83' lang='lat' dir='ltr'><strong>uicinis</strong></span> <span class='ocrx_word' id='word_1_333' title='bbox 1180 4083 1279 4144; x_wconf 79' lang='lat' dir='ltr'><strong>paludi·</strong></span> 
     </span>
     <span class='ocr_line' id='line_1_41' title="bbox 186 4153 1280 4224; baseline -0.007 -11"><span class='ocrx_word' id='word_1_334' title='bbox 186 4179 234 4213; x_wconf 83' lang='lat' dir='ltr'><strong>nus</strong></span> <span class='ocrx_word' id='word_1_335' title='bbox 253 4162 445 4212; x_wconf 75' lang='lat' dir='ltr'><strong>excursionibus</strong></span> <span class='ocrx_word' id='word_1_336' title='bbox 459 4163 599 4212; x_wconf 79' lang='lat' dir='ltr'><strong>Samnitum</strong></span> <span class='ocrx_word' id='word_1_337' title='bbox 616 4177 713 4224; x_wconf 81' lang='lat' dir='ltr'><strong>oppor-</strong></span> <span class='ocrx_word' id='word_1_338' title='bbox 754 4164 811 4222; x_wconf 85' lang='lat' dir='ltr'><strong>bus,</strong></span> <span class='ocrx_word' id='word_1_339' title='bbox 830 4162 871 4209; x_wconf 85' lang='lat' dir='ltr'><strong>rel</strong></span> <span class='ocrx_word' id='word_1_340' title='bbox 887 4153 1024 4207; x_wconf 67' lang='lat' dir='ltr'><strong>attuariis.</strong></span> <span class='ocrx_word' id='word_1_341' title='bbox 1056 4157 1217 4207; x_wconf 77' lang='lat' dir='ltr'><strong>crediderint</strong></span> <span class='ocrx_word' id='word_1_342' title='bbox 1229 4159 1280 4208; x_wconf 63' lang='lat' dir='ltr'><strong>Ct-</strong></span> 
     </span>
    </p>
   </div>
   <div class='ocr_carea' id='block_1_7' title="bbox 187 4232 1281 4304">
    <p class='ocr_par' dir='ltr' id='par_1_8' title="bbox 187 4232 1281 4304">
     <span class='ocr_line' id='line_1_42' title="bbox 187 4232 1281 4304; baseline -0.011 -10"><span class='ocrx_word' id='word_1_343' title='bbox 187 4249 260 4304; x_wconf 78' lang='lat' dir='ltr'><strong>tuns,</strong></span> <span class='ocrx_word' id='word_1_344' title='bbox 271 4248 328 4304; x_wconf 90' lang='lat' dir='ltr'><strong>post</strong></span> <span class='ocrx_word' id='word_1_345' title='bbox 340 4239 459 4292; x_wconf 76' lang='lat' dir='ltr'><strong>subactus</strong></span> <span class='ocrx_word' id='word_1_346' title='bbox 469 4239 501 4290; x_wconf 81' lang='lat' dir='ltr'><strong>ab</strong></span> <span class='ocrx_word' id='word_1_347' title='bbox 513 4239 563 4290; x_wconf 86' lang='lat' dir='ltr'><strong>illis</strong></span> <span class='ocrx_word' id='word_1_348' title='bbox 575 4240 712 4292; x_wconf 85' lang='lat' dir='ltr'><strong>Sidicinos.</strong></span> <span class='ocrx_word' id='word_1_349' title='bbox 752 4237 851 4288; x_wconf 84' lang='lat' dir='ltr'><strong>millum</strong></span> <span class='ocrx_word' id='word_1_350' title='bbox 861 4233 964 4299; x_wconf 84' lang='lat' dir='ltr'><strong>quidem</strong></span> <span class='ocrx_word' id='word_1_351' title='bbox 976 4232 1090 4282; x_wconf 78' lang='lat' dir='ltr'><strong>oratorio</strong></span> <span class='ocrx_word' id='word_1_352' title='bbox 1108 4246 1179 4282; x_wconf 86' lang='lat' dir='ltr'><strong>more</strong></span> <span class='ocrx_word' id='word_1_353' title='bbox 1191 4233 1281 4298; x_wconf 64' lang='lat' dir='ltr'><strong>lnquit</strong></span> 
     </span>
    </p>
   </div>
   <div class='ocr_carea' id='block_1_8' title="bbox 0 0 1584 4942">
    <p class='ocr_par' dir='ltr' id='par_1_9' title="bbox 0 0 1584 4942">
     <span class='ocr_line' id='line_1_43' title="bbox 0 0 1584 4942; baseline 0 0"><span class='ocrx_word' id='word_1_354' title='bbox 0 0 1584 4942; x_wconf 95' lang='lat' dir='ltr'><strong> </strong></span> 
     </span>
    </p>
   </div>
  </div>
 </body>
</html>
