3150 4942
312 411 379 477 aot
776 426 811 472 r.
838 425 932 472 nrvrr

314 570 397 634 lium
410 569 600 651 magistrum
615 569 762 651 equitnm
774 570 945 634 absentem
960 569 1172 633 nominatum.
1213 567 1350 635 Etcum
1364 591 1410 638 ea

316 691 461 757 quoqne,
475 691 552 755 quae
565 671 655 735 bello
671 677 764 753 gesta
778 679 902 748 essent,
918 691 978 754 pru
992 654 1123 753 fastigio
1136 691 1242 737 rernm
1258 674 1409 738 oratioue

314 777 416 838 etiam
427 772 611 855 mugnrflcu,
622 773 711 836 facto
720 772 819 836 ductus
828 773 1007 871 aequando,
1018 779 1250 851 memorasset
1261 775 1409 853 nudasse

315 883 434 958 pectus
454 874 581 955 insigne
605 870 840 938 cicatricibusd
855 873 943 937 bello
958 875 1133 955 acceptis3
1155 881 1190 937 et
1212 875 1410 953 identidem,

316 975 519 1059 Capitolium
540 984 711 1057 spectans,
732 975 853 1038 torem
872 973 1033 1058 Deosque
1054 975 1141 1039 alios
1166 974 1348 1041 devocasse
1363 979 1409 1041 ad

316 1078 480 1144 auxilium
501 1078 700 1140 sedunorum
726 1094 873 1150 auarum,
897 1082 1120 1158 precatusque
1141 1095 1227 1152 esse,
1242 1083 1289 1153 ut,
1305 1097 1410 1160 qnam

314 1186 458 1246 mentem
472 1180 548 1256 sibi,
558 1177 781 1260 Capitolinam
793 1197 904 1242 arcem
920 1177 1120 1261 protegenti,
1137 1177 1332 1242 adsalutem
1348 1198 1409 1261 po·

314 1283 387 1366 puli
402 1282 550 1346 Romani
566 1280 744 1356 dedissent,
759 1299 831 1344 cam
848 1280 976 1364 populo
992 1279 1152 1343 Romano
1165 1281 1200 1342 in
1214 1297 1276 1343 suo
1290 1279 1411 1344 discri·

315 1385 403 1448 mine
416 1383 550 1462 darent3
564 1385 719 1445 eierasse
732 1381 881 1464 singulos
895 1382 1144 1464 universosque,
1155 1387 1191 1446 ut
1202 1380 1409 1463 Capitolium

316 1492 420 1567 utque
435 1502 544 1549 arcem
560 1485 790 1560 intumuerunt
809 1484 853 1548 nd
868 1483 963 1548 Deos
982 1483 1184 1547 immortales
1198 1485 1299 1559 versi,
1314 1483 1358 1548 de
1372 1503 1410 1550 ec

311 1583 517 1668 judicarent.
537 1583 715 1668 InCampo
726 1583 852 1649 Martio
861 1604 936 1648 cum
946 1585 1318 1668 centuriatimpopulus
1328 1587 1410 1650 cita·

316 1692 432 1761 retur:
442 1694 476 1750 et
486 1704 573 1762 reus,
586 1685 629 1748 ad
642 1685 844 1768 Capitolium
859 1705 976 1749 manus
991 1686 1147 1762 tendens,
1160 1686 1204 1749 ab
1219 1684 1410 1755 hominibus

317 1785 360 1849 ad
370 1787 461 1850 Deos
470 1805 588 1869 preces
599 1788 790 1864 avertisset,
800 1787 1192 1870 apparuittribunis‚nisi
1201 1787 1409 1870 oculosque·

317 1905 382 1970 que
391 1887 560 1950 hominum
569 1888 769 1952 liberassent
780 1890 823 1951 ab
833 1890 914 1952 tenti
926 1888 1085 1952 memoria
1093 1887 1233 1965 decoris,
1242 1905 1411 1970 nunquam

317 1987 386 2052 lore
400 1989 434 2051 in
451 1991 701 2072 praeoccupatis
715 1990 878 2054 beneficio
894 1992 1015 2055 animis
1029 2009 1109 2054 vero
1124 1989 1252 2055 crimini
1276 1989 1412 2053 locum·

319 2089 373 2153 lta
388 2089 542 2174 prodicta
557 2087 636 2168 dic‚‘
654 2092 689 2154 in
701 2091 924 2158 Poetelinum⁷
937 2093 1045 2156 lucum
1056 2099 1071 2136 ⁸
1084 2097 1181 2154 extra
1192 2097 1323 2173 portum
1338 2087 1413 2153 No-

317 2191 533 2268 carantanam,8
548 2193 637 2256 unde
652 2200 855 2275 conspectus
869 2193 904 2256 in
916 2191 1120 2275 Capitolium
1134 2209 1199 2255 non
1213 2196 1315 2268 esset,
1332 2211 1414 2256 con·

318 2292 433 2356 cilium
448 2295 566 2377 populi
581 2279 735 2358 indictum
751 2299 814 2358 est.
845 2293 900 2356 lbi
915 2294 1038 2357 crimen
1054 2293 1169 2369 valuit,
1181 2297 1217 2356 et
1231 2294 1412 2358 obstinatis

319 2393 442 2456 animis
457 2397 548 2459 triste
564 2395 731 2479 judicium
746 2395 958 2477 invisumque
969 2394 1068 2458 etiam
1086 2393 1261 2477 judicibus
1273 2394 1412 2461 iactum.

319 2491 407 2555 Sunt
430 2495 488 2576 qni
511 2513 569 2576 per
590 2492 810 2572 ιΙιιιιιιιιίιιιε)1
826 2497 886 2578 qui
900 2495 941 2559 de
955 2495 1179 2578 perduellione
1192 2495 1413 2578 anquirerent,

352 2669 625 2749 ‘Nunquonsutunon
632 2682 660 2725 ut
669 2677 809 2740 pteicim
818 2681 914 2732 mcc,
920 2680 1089 2740 proeoceuputae
1100 2676 1217 2742 beneflcin
1228 2676 1317 2726 minen
1325 2674 1417 2725 Mutii

313 2731 384 2792 „iustu
393 2737 549 2788 oeefimutionc
559 2741 706 2790 metirentur.

779 2833 884 2856 ΟΜ
884 2833 960 2856 '0000

353 2951 369 2995 5
386 2947 465 3012 Vulg.
477 2947 517 3000 Aa
528 2949 570 3000 loc
584 2957 744 3002 enectae—6
762 2953 838 3016 Vulg.
850 2954 912 3002 cicer
920 2951 1091 3016 produxit-t
1108 2949 1149 3000 ΑΙ.
1163 2949 1354 2999 Petelinum—8
1369 2947 1415 2998 ΑΙ.

815 3097 925 3150 NOTAE

354 3192 366 3225 d
383 3193 482 3254 Insigne
492 3192 653 3257 cicatricibus]
670 3195 792 3260 Plerique
806 3211 849 3246 co·
890 3195 958 3260 quod
975 3195 1099 3257 mudule,
1110 3192 1180 3256 quod
1198 3193 1240 3241 lric
1256 3206 1307 3242 uon
1322 3207 1416 3242 convc-

322 3267 394 3318 diceu
416 3269 512 3318 habent
532 3270 637 3332 “trinta
656 3272 749 3322 tritum
773 3287 849 3337 quern
889 3273 943 3320 nit:
957 3272 1013 3334 jam
1029 3271 1097 3320 enlm
1113 3267 1334 3332 pradictet'uent
1344 3269 1416 3333 judi·

322 3359 456 3395 numerum
483 3353 513 3394 ut
534 3346 695 3398 subdititium
716 3357 795 3413 utque
816 3363 850 3398 ex
889 3347 999 3398 clidice.

323 3421 411 3470 Plinio
423 3422 555 3484 adjectum
567 3423 608 3470 ulii
620 3424 787 3474 sustulerunt.
921 3432 935 3465 ι
950 3423 983 3470 In
993 3420 1132 3471 Petelinum
1141 3422 1229 3485 Ιιιιιιιι]
1246 3421 1324 3470 hese
1337 3421 1425 3472 Pete·-

355 3507 367 3531 ⁶
395 3499 456 3547 Cum
474 3499 626 3548 centuriatim
648 3502 744 3562 populus
763 3502 848 3551 citure·
889 3496 1165 3549 inessentialem
1180 3498 1334 3547 P.Vletore
1350 3499 1376 3546 iu
1391 3504 1416 3548 t.

324 3573 377 3638 ter]
394 3575 448 3624 Per
458 3575 588 3625 centuriae
599 3580 743 3637 regeretur.
753 3589 785 3624 aa
798 3591 850 3638 poe·
890 3574 969 3623 Urbis
991 3573 1094 3636 regione
1114 3573 1226 3622 locetur.
1258 3571 1372 3638 fuitque
1389 3575 1417 3624 ln

322 3651 572 3714 aamemugietratn
585 3650 733 3712 irrogatam,
742 3658 770 3699 et
778 3653 850 3714 quael
890 3651 988 3712 campo
1009 3649 1130 3698 viminali
1149 3648 1196 3697 surb
1218 3648 1321 3713 Aggere
1337 3652 1419 3714 juxte

322 3726 407 3788 legem
428 3724 462 3775 dc
484 3725 572 3789 cupite
594 3725 687 3775 Manlii
708 3726 850 3789 acciperet,
889 3718 1015 3789 temptaui
1031 3725 1141 3776 sunonis
1159 3725 1276 3776 Lucinae.
1308 3725 1359 3776 Qui
1377 3734 1418 3774 te·

323 3801 516 3866 antiquiretve.
556 3801 608 3852 Hic
629 3801 697 3851 enirn
716 3811 851 3853 mereret
888 3799 1418 3870 menantrsit‚dequonuncllvius,ert

324 3875 413 3926 horum
424 3877 593 3927 comitialium
600 3874 767 3940 judiciorum.
889 3875 1033 3941 fortequod
1045 3876 1189 3926 dubitetur.
1204 3872 1281 3924 ‘Utnt
1292 3875 1336 3931 sit,
1347 3875 1417 3939 qnod

357 3949 496 4002 'Prodictu
513 3952 564 4016 die]
591 3953 663 4017 Lupe
680 3956 802 4017 producto,
822 3961 853 4004 ut
890 3967 922 4002 ex
941 3967 973 4002 co
996 3955 1054 4002 loco
1075 3967 1126 4001 aon
1150 3957 1239 4013 posset
1261 3950 1417 4014 Capitolium

324 4026 393 4088 epud
405 4027 461 4077 Cic.
477 4028 628 4080 ‘Productu
645 4029 702 4078 dice
717 4036 758 4079 est
778 4031 804 4080 in
816 4032 852 4082 ir.
890 4031 1014 4093 conspici,
1035 4029 1149 4093 opacitas
1174 4028 1270 4090 potiar,
1288 4035 1319 4078 ut
1344 4037 1420 4090 puto,

325 4101 412 4150 ldunrn
430 4101 584 4152 Februarii!
617 4106 683 4156 Vult
702 4107 770 4155 enim
783 4106 853 4170 judi·
891 4102 1240 4171 quamdistuntiaobetebut.

326 4176 394 4225 cium
413 4177 439 4226 iu
457 4179 533 4227 elium
550 4178 715 4231 diemsulsre
733 4182 852 4231 dilutum.
924 4181 1016 4230 ¹²›S'rrrrt
1032 4179 1072 4243 qui
1090 4177 1296 4242 pertinencium]
1323 4178 1418 4229 Potest

325 4253 364 4302 At
373 4255 480 4317 prodictu
490 4255 549 4314 dier,
563 4257 616 4307 rire
626 4258 732 4324 proditu,
743 4259 769 4308 id
783 4259 853 4311 velet
891 4259 993 4324 quidem
1005 4257 1097 4309 reterri
1108 4258 1140 4307 ed
1151 4257 1178 4308 ld
1190 4257 1260 4324 quod
1271 4271 1350 4322 cupre
1361 4257 1417 4307 dic·
