3150 4942
304 436 391 504 leot
774 436 810 484 u.
833 430 930 483 ιιιιι

208 644 209 647 ,
305 601 400 659 turno
409 586 537 665 altero,t
550 582 653 649 altero
665 578 809 643 coloniae
820 570 1050 641 deducendae·
1081 566 1234 633 Ceterum
1246 565 1301 651 (id
1312 562 1410 649 qnod

305 692 396 759 haud
411 682 595 770 discrepat)
608 677 822 746 coutumacia
843 675 1002 738 aduersus
1024 674 1274 734 contemnentes
1295 668 1411 731 hurni-

306 798 433 863 litutem
464 808 556 854 suam
586 784 715 848 nobiles
744 777 903 845 canerit:
927 774 1028 838 ciuile
1053 772 1126 855 jus,
1151 768 1341 853 repositum
1373 769 1414 831 in

308 891 536 981 penetralibus
556 884 779 970 pontificum,⁸
799 876 974 959 evulgavit,
989 874 1160 955 fastosque
1183 872 1278 935 circa
1297 868 1414 931 forum

307 1001 342 1063 in
366 995 446 1060 albo
469 988 658 1073 proposuit,
683 989 731 1060 nt,
754 979 890 1066 qnando
916 977 986 1059 lege
1011 974 1065 1057 egi
1089 979 1219 1055 posset,
1243 971 1414 1033 sciretur:

309 1099 414 1164 aedem
431 1089 628 1157 Concordiae
643 1087 676 1149 in
691 1103 770 1148 area
784 1079 934 1145 Vulcani
948 1095 1079 1141 summa
1092 1073 1221 1138 invidie
1242 1070 1413 1135 nobilium

310 1198 498 1273 dedicarit;
521 1195 725 1271 coactusque
747 1199 913 1249 consensu
935 1177 1055 1262 populi
1074 1174 1250 1239 Cornelius
1273 1170 1414 1235 Burbu·

311 1308 366 1365 tus
380 1296 533 1382 pontifex
554 1292 720 1356 maximus
735 1286 838 1350 uerba
858 1278 1003 1364 prurire,y
1022 1295 1098 1342 cum
1120 1294 1212 1339 more
1235 1273 1412 1356 majorum

310 1406 456 1483 negaret,
479 1395 546 1461 nisi
575 1390 746 1457 consulem
770 1390 829 1450 ant
850 1384 1094 1464 imperatorem,
1117 1394 1218 1459 posse
1242 1372 1411 1455 templum

312 1502 478 1565 dedicare.
522 1496 644 1575 Itaque
658 1508 701 1553 ex
723 1485 923 1551 auctoritate
945 1485 1083 1545 senatus
1103 1478 1209 1542 latum
1232 1473 1279 1538 ad
1300 1491 1414 1556 popu-

311 1603 382 1666 lum
396 1606 458 1674 est,
474 1618 514 1661 ue
526 1594 602 1677 quis
616 1588 777 1673 templum
793 1604 928 1651 aramve
941 1582 1071 1666 injussu
1082 1584 1217 1643 senatus
1231 1581 1293 1639 ant
1307 1576 1415 1639 tribn-

312 1720 426 1765 norum
448 1696 557 1781 plebei
580 1694 686 1777 partis
708 1689 844 1773 majoris
865 1686 1045 1751 dedicaret.
1088 1679 1193 1743 Haud
1206 1676 1415 1742 memorabi-

312 1803 378 1867 lem
400 1818 466 1863 rem
490 1814 549 1880 per
570 1813 617 1869 se,
632 1792 696 1856 nisi
718 1790 952 1854 documentum
975 1785 1019 1848 sit
1040 1780 1203 1847 aduersus
1216 1778 1415 1862 superbiam

313 1900 476 1965 nobilium
490 1896 632 1982 plebeiae
647 1892 822 1970 libertatis,
836 1889 985 1954 referam.
1027 1882 1084 1947 Ad
1097 1881 1262 1963 collegam
1284 1897 1415 1960 regrum

314 1998 447 2065 uisendi
461 2016 567 2063 censa
579 1995 718 2060 Flauius
734 2012 809 2055 cum
824 1990 983 2064 venisset,
997 2001 1227 2064 consensuque
1241 1981 1415 2044 nobilium

316 2098 593 2175 adolescentium,
609 2096 666 2179 qui
679 2094 727 2157 ibi
747 2091 952 2165 assidebant,
967 2089 1189 2151 assurrectum
1212 2083 1244 2145 ei
1266 2100 1335 2145 non
1357 2100 1415 2143 es-

316 2207 390 2271 set·
410 2199 554 2264 curulem
570 2194 677 2260 afferri
695 2192 835 2257 sellam·
856 2210 896 2255 eo
913 2189 1030 2272 jussit,
1044 2207 1085 2251 ac
1098 2185 1179 2249 sede
1199 2184 1340 2247 honoris
1359 2181 1416 2244 sui

318 2302 438 2365 anxios
461 2298 586 2363 invidio
606 2295 761 2359 inimicos
775 2291 952 2376 spectavit.
995 2289 1150 2355 Ceterum
1166 2286 1322 2352 Flavium
1337 2284 1416 2350 dix·

813 2504 921 2556 NOTAE

318 2624 415 2672 dietum
426 2621 470 2670 ΙΙΙ).
482 2634 520 2669 ιν.
533 2635 557 2670 e.
568 2624 593 2671 7.
605 2626 633 2671 et
645 2624 686 2669 2⁰.
697 2622 747 2669 tro.
885 2618 1008 2668 bonorum
1020 2614 1099 2665 fuisse
1110 2612 1213 2674 scribit,
1222 2610 1291 2677 quod
1306 2625 1420 2675 surrep-

350 2700 357 2729 ⁸
374 2692 498 2745 Nocturna
515 2696 604 2759 uum]
633 2694 712 2757 Apud
733 2694 845 2744 Veteres
886 2701 940 2743 tum
953 2692 1038 2756 Appio
1050 2690 1257 2742 Claudiolibruru
1270 2688 1417 2737 Aetiounn

318 2771 444 2822 incendiis
475 2768 593 2819 arcendis
622 2770 748 2819 triumviri
779 2784 845 2833 prte-
886 2771 981 2833 populo
992 2768 1148 2817 tradidisset.
1181 2764 1250 2813 Hinc
1270 2764 1367 2811 librum
1385 2763 1416 2811 il-

319 2855 409 2907 ersut;
427 2848 471 2910 qul
490 2846 613 2896 excubiae
631 2846 753 2909 egebunt,
768 2845 844 2894 dieti·
884 2844 937 2893 lum
955 2845 1118 2907 appellarunt
1139 2840 1187 2891 Jus
1208 2838 1292 2890 Civile
1310 2838 1418 2887 Flavia·

318 2938 368 2989 que
384 2923 481 2973 idcirco
497 2928 557 2971 sunt
568 2920 695 2981 noctorpl.
727 2922 846 2969 Errtau·
883 2934 952 2969 nuru.

318 3005 371 3048 tem
389 2996 486 3047 familis
499 2996 603 3060 publice
621 2996 692 3044 circe
710 3002 799 3058 portus
817 3002 846 3044 et
917 2994 1061 3053 'Pontifex
1079 2990 1196 3040 ιιιικίιιιιι
1216 2987 1289 3037 serbe
1311 2987 1418 3050 petre]

319 3072 556 3136 mrrrosdirposita:
568 3070 647 3125 unde,
658 3071 678 3118 rl
691 3084 755 3132 opus
766 3076 847 3129 erret,
887 3071 939 3121 llic
960 3070 1159 3120 dedicandorum
1182 3066 1339 3129 templorum
1361 3080 1418 3114 moe

318 3150 471 3200 roerbstur.
504 3148 603 3196 Postea
614 3146 672 3194 boio
687 3148 724 3194 rei
738 3144 845 3208 praet‘ec·
886 3146 952 3209 apud
975 3152 1076 3193 ueteres
1094 3143 1223 3191 Romenor
1243 3138 1305 3202 t'rrit,
1320 3148 1352 3189 ut
1363 3154 1417 3188 ers·

319 3235 374 3277 tum
386 3225 492 3287 uigilum
505 3223 649 3285 praeposuit
663 3220 803 3283 Angustus.
886 3222 1006 3285 pirtrrtur
1015 3233 1105 3283 precer
1114 3216 1263 3279 conciperet
1270 3214 1416 3264 secundun

351 3309 364 3334 ¹
381 3302 464 3352 Altero
483 3296 741 3359 robuioededuresrloe]
765 3298 847 3346 l'reto
886 3294 1106 3360 verbspoutibcir
1123 3292 1236 3342 rosriurt.
1268 3290 1340 3340 Vide
1356 3304 1415 3355 qno

318 3374 544 3425 senatusconsulto
563 3380 609 3422 rut
624 3373 680 3433 lege
692 3371 725 3420 de
744 3373 847 3422 colonia
886 3366 1051 3436 decapitoiii
1067 3367 1231 3418 dedicatione
1248 3365 1295 3415 lib.
1303 3380 1335 3416 ιι.
1353 3370 1416 3417 et.

318 3450 481 3505 deducenda,
494 3450 646 3512 scriptoque
661 3462 767 3497 nurnero
779 3449 848 3497 eolo·
886 3446 919 3497 ld
929 3448 954 3495 io
969 3444 1105 3495 deuotione
1116 3456 1219 3507 qnoque
1229 3452 1362 3491 savarum
1370 3440 1416 3490 lib·

318 3538 419 3587 uorum,
446 3538 493 3586 per
517 3526 648 3574 consulem
673 3532 848 3588 praetoremn
887 3525 1022 3573 cunct.

318 3608 458 3655 curatores,
469 3599 513 3663 qul
533 3600 704 3665 deducerent,
722 3602 847 3652 cresben-
918 3592 1141 3645 1Αιιιιι·ιιιιιιιιιιί
1151 3608 1197 3644 uus
1207 3593 1281 3656 rem]
1301 3592 1415 3641 Honoris

319 3686 363 3729 tur
374 3674 485 3727 comitiis
496 3674 611 3738 tributis,
620 3676 771 3739 plerumque
784 3684 848 3739 tres,
888 3673 956 3735 epod
975 3684 1062 3720 omnes
1081 3666 1162 3717 ferme
1174 3675 1266 3731 gentes
1281 3667 1414 3721 indicium,

319 3766 389 3817 repe
401 3749 492 3815 majori
503 3762 619 3809 numero,
629 3750 698 3798 nude
710 3752 848 3817 triumviri,
887 3749 1001 3799 venienti
1019 3760 1155 3809 assurgere
1168 3762 1175 3792 r
1190 3744 1260 3810 quod
1275 3744 1416 3793 obremu-

317 3827 489 3895 qniuqueriri,
503 3827 552 3874 &u
565 3824 673 3873 colonie
686 3825 848 3878 dedocendus
876 3828 1024 3889 tiegerus
1039 3838 1091 3873 oon
1110 3824 1194 3873 uolnus
1211 3822 1416 3887 magistrstibns,

320 3904 454 3969 appellati.
888 3902 933 3951 red
946 3910 973 3949 et
985 3899 1129 3949 senioribus
1145 3899 1260 3948 delutum
1277 3914 1293 3947 u
1307 3900 1416 3962 juniori·

352 3988 365 4012 ¹
384 3977 523 4038 Cirilejrrs,
536 3974 664 4037 repositum
677 3976 703 4025 iu
721 3980 847 4040 penetrali·
888 3978 944 4027 bus.
976 3976 1045 4025 Hine
1063 3975 1096 4023 de
1113 3975 1256 4024 Laconibus
1273 3974 1415 4024 satiricus:

320 4056 362 4103 bur
371 4050 520 4117 pontificum]
538 4052 596 4101 Hae
607 4050 640 4101 de
658 4066 687 4101 re
701 4052 755 4102 Cic.
768 4055 847 4117 pluri·
887 4050 1051 4102 ‘Credebant
1058 4051 1106 4099 boc
1113 4050 1211 4113 grande
1219 4049 1302 4106 nesse.
1311 4058 1337 4101 et
1346 4064 1415 4099 mur·

319 4130 368 4177 bur
391 4129 467 4179 tocie:
486 4136 563 4190 atque
577 4128 603 4176 in
624 4128 712 4190 prioris
734 4128 848 4193 Pompo·
888 4135 915 4178 te
934 4126 1069 4193 piandum,
1087 4126 1115 4174 si
1131 4125 1234 4188 juvenis
1255 4128 1343 4175 vetulo
1361 4140 1415 4174 nnn

321 4204 378 4251 ntor
395 4202 597 4254 Jurircoueultnr
615 4202 675 4267 lege
694 4216 725 4252 ιι.
744 4204 796 4268 dig.
814 4205 848 4254 de
888 4199 1085 4253 assurrexerat?

322 4277 397 4341 Orig.
409 4278 466 4330 Jor.
479 4278 631 4341 sequebatur
644 4280 732 4329 Florio
744 4294 847 4330 eausam
920 4287 932 4315 ⁸
949 4278 1060 4327 cerutus
1071 4270 1158 4339 efferri
1175 4274 1269 4337 ιιιιιιι]
1286 4274 1417 4325 Narratur
