3150 4942
298 373 362 438 uel
761 385 796 436 u.
820 385 915 434 nrvtt

341 531 395 596 31.
419 531 626 613 Insequentis
648 531 726 594 anni
747 531 916 613 principio
937 529 1056 593 stetim
1077 529 1242 595 seditione
1263 529 1388 613 ingenti

298 651 419 706 arsere,
435 633 575 696 tribunis
587 630 731 694 militum
746 628 916 694 consulari
939 634 1103 711 potestate
1119 630 1179 712 Sp.
1203 631 1317 707 Furio,
1341 632 1388 710 Q.

298 733 439 798 Servilio
463 731 656 807 secundum,
672 730 710 795 C.
734 729 903 804 uietnto,¹⁸
926 729 969 792 P.
997 729 1130 806 Cloelio,
1157 730 1206 795 Μ.
1229 731 1388 810 Horatio,

298 833 337 896 J..
353 833 531 914 Geganio?
575 833 654 895 Erat
669 837 777 895 sutem
796 837 829 894 et
853 831 992 894 muteris
1017 838 1054 894 et
1077 849 1182 894 causo
1209 817 1388 898 seditionis

297 925 529 998 tudelionum:
552 934 649 1017 cujus
674 932 837 996 noscendi
849 933 954 1012 grstia
968 932 1028 1014 Sp.
1051 932 1215 995 Seruilius
1238 933 1388 1010 Priscus,

298 1032 344 1112 Q.
361 1033 503 1098 Cloelius
519 1033 652 1097 Siculus
668 1051 822 1097 censores
843 1033 937 1108 lecti,
958 1051 1000 1094 ne
1024 1052 1093 1096 reru
1118 1039 1275 1112 egerent,¹
1296 1034 1388 1097 bello

297 1135 448 1218 impediti
468 1141 552 1198 sunt.
597 1134 753 1217 Namque
768 1133 889 1216 trepidi
915 1134 1021 1196 nuntii
1037 1135 1155 1215 primo,
1171 1133 1250 1216 fuge
1264 1132 1388 1198 deinde

297 1255 340 1300 ex
354 1237 453 1316 egris,
468 1236 616 1316 legiones
631 1235 834 1300 Volscorum
854 1237 1022 1314 ingressus
1047 1235 1141 1312 fines,
1163 1235 1388 1317 popularique

296 1340 422 1420 passim
448 1336 634 1399 Romanurn
664 1355 787 1416 agrum,
811 1335 960 1398 attulere·
1005 1334 1045 1397 ln
1074 1353 1142 1418 qua
1165 1332 1388 1416 trepidatione

297 1443 424 1501 tantum
441 1437 535 1511 uiuit,
549 1442 588 1499 ul
609 1435 724 1500 civilis
746 1436 926 1501 certamine
948 1442 1051 1500 terror
1072 1442 1231 1498 externus
1252 1433 1388 1499 cohibe-

295 1545 356 1613 ret,
373 1547 410 1602 ut
424 1543 536 1601 contre
549 1557 591 1600 eo
607 1537 780 1601 violentior
791 1535 1148 1618 potestustribuniciuu
1170 1535 1388 1616 impediendo

297 1638 441 1702 delectui
455 1647 564 1716 esset;
587 1637 695 1699 donec
719 1636 929 1700 conditiones
953 1635 1122 1716 impositee
1148 1633 1321 1707 Patribus,
1344 1653 1387 1697 ne

296 1737 385 1820 quis,
408 1735 522 1818 quoad
540 1734 695 1799 bellatum
709 1743 734 1784 ¹⁹
756 1744 856 1812 esset,
882 1737 1039 1800 tributum
1062 1735 1166 1811 duret,
1188 1739 1245 1797 eut
1264 1735 1324 1816 jus
1345 1734 1388 1798 de

296 1837 442 1918 pecunia
456 1835 580 1900 creditu
594 1834 731 1899 diceret.
775 1834 827 1898 Eo
841 1835 1033 1899 laxamento
1049 1834 1140 1916 plebi
1154 1842 1278 1911 sumto,
1292 1853 1388 1899 motu

296 1935 438 2000 delectui
461 1953 526 1997 nou
542 1940 595 1998 est
608 1935 708 1998 suctu.
753 1935 956 2016 Legionibns
971 1935 1071 1998 novis
1086 1936 1229 2017 scriptis,
1244 1935 1385 2016 placuit,

296 2035 383 2099 duos
397 2035 565 2100 exercitus
577 2036 610 2098 in
622 2054 733 2116 agrum
756 2032 922 2099 Volscum
946 2035 1136 2117 legionibus
1161 2035 1280 2099 divisis
1296 2035 1385 2100 duci.

296 2135 355 2218 Sp.
374 2135 504 2212 Furius,
518 2135 568 2198 M.
585 2135 748 2199 Horatius
763 2135 957 2200 dextrorsus
973 2137 1171 2199 maritimum
1181 2154 1273 2200 orum
1285 2144 1387 2219 utque

295 2235 446 2312 Antium,
462 2235 507 2312 Q.
523 2235 683 2299 Servilius
700 2241 735 2298 et
750 2235 792 2297 1..
804 2234 977 2315 Geganius
991 2235 1079 2298 laevn
1094 2234 1137 2297 nd
1154 2243 1284 2298 montes
1300 2235 1387 2299 Ece-

296 2343 379 2400 tram
394 2345 545 2419 pergunt.
590 2335 722 2398 Neutro
736 2335 1076 2417 purtehostisobvius
1090 2336 1164 2398 suit.
1208 2333 1386 2418 Populatin

217 2513 223 2522 .
295 2438 410 2520 itaque
424 2456 491 2498 non
503 2437 551 2498 illi
568 2455 662 2516 vegee
678 2435 809 2510 similis,
825 2432 924 2519 quern
943 2435 1090 2499 Volscus
1101 2435 1269 2499 latrocinii
1284 2455 1386 2512 more,

295 2535 460 2599 discordie
472 2535 616 2599 hostiurn
633 2536 733 2600 frctus
748 2541 783 2599 et
796 2536 948 2600 virtutem
961 2542 1141 2612 metuensss‘
1161 2555 1222 2618 per
1241 2537 1386 2626 trepidaf

295 2635 416 2698 tionem
430 2635 551 2716 ruptim
566 2635 710 2716 lecernt3
733 2634 794 2698 sed
810 2636 852 2698 ub
865 2636 959 2718 justo
975 2637 1124 2700 exercitu
1136 2635 1236 2719 justu
1250 2638 1300 2700 ire
1314 2637 1384 2700 fac·

295 2743 354 2812 tu,t
386 2735 496 2816 spatio
524 2752 659 2816 quoquo
683 2735 842 2816 temporis
864 2735 1007 2817 gravior.
1051 2735 1187 2819 Quippe
1201 2755 1223 2799 n
1237 2733 1385 2808 Volscis,

294 2835 501 2909 timentibus,
516 2853 556 2897 ne
571 2835 697 2896 interim
715 2835 884 2898 exercitus
899 2835 943 2899 ab
959 2833 1069 2898 Rome
1089 2837 1209 2912 exiret,
1223 2837 1385 2899 incursio·

294 2951 355 2998 nes
371 2935 404 2995 in
418 2941 565 2997 extrema
581 2934 693 2997 finium
709 2935 809 2998 suctos
827 2943 940 2999 erant:
964 2933 1119 3000 Romano
1145 2942 1263 3000 contre
1282 2936 1384 2998 etinru

294 3035 328 3096 in
344 3034 477 3102 hostico
491 3031 644 3097 morandi
661 3053 766 3096 causa
781 3041 863 3109 erut,
878 3044 916 3097 ut
936 3035 1068 3098 hostem
1084 3035 1126 3099 ed
1141 3041 1306 3098 certamen
1323 3035 1384 3099 eli·

295 3143 396 3196 ceret.
443 3133 575 3214 ltaque,
602 3135 758 3196 omnibus
783 3134 913 3215 passim
937 3135 1032 3196 tectis
1055 3152 1217 3214 agrorum,
1234 3136 1384 3216 vicisque

294 3235 394 3297 etium
410 3233 608 3316 quibusdum
623 3236 766 3310 exustis,
780 3252 845 3297 non
860 3235 977 3297 arbore
988 3233 1156 3316 frugifera,
1171 3235 1333 3297 nonsatis
1349 3236 1383 3297 in

326 3429 339 3452 ⁸
356 3423 396 3472 Ne
405 3427 574 3485 exequerentur
583 3429 712 3485 mceptuur
721 3423 843 3484 neptium
854 3437 967 3472 ema.

327 3491 340 3524 ¹
356 3485 394 3533 At
403 3488 511 3536 ordinato
518 3487 625 3536 exercitu
633 3500 676 3548 per
686 3489 746 3536 irum
756 3487 888 3548 testum
897 3488 965 3536 illua
976 3489 1083 3536 matites.

294 3761 359 3870 “ps
374 3757 453 3822 vug.
475 3757 507 3812 u.
525 3757 626 3808 servus
642 3759 677 3810 ιι.
697 3761 790 3812 neon
806 3761 917 3813 nemo
927 3761 1048 3811 ιιι-ιο
1063 3761 1140 3825 conj.
1157 3762 1267 3826 supere.
1282 3759 1382 3810 reuu-

786 3935 891 3987 NOTAE

325 4041 339 4070 s
360 4041 435 4092 tv.
448 4043 477 4092 C.
489 4048 546 4092 tto.
886 4054 901 4080 ¹
918 4003 1074 4095 Eteuluteur
1085 4044 1199 4106 metuo]
1215 4047 1381 4108 superetn-

326 4117 463 4165 =t²ntestrr
482 4117 621 4180 tribunicio]
645 4119 815 4171 Tribocorum
855 4121 925 4183 tion,
937 4121 1230 4173 Romunommscilicet.

293 4189 374 4252 plebis
384 4189 504 4239 adversus
516 4191 630 4240 tribunos
642 4195 758 4244 militum.
