3150 4942
567 451 640 499 ura.
665 450 732 498 vrr.
754 450 837 501 ear.
859 435 913 502 1o.
1194 439 1280 505 1035

182 607 306 656 nomen
321 589 512 656 Romanum
527 591 696 669 invictum,
707 593 907 675 jurantibus
922 593 1012 670 Diis,
1026 595 1170 678 praesta'
1213 596 1280 661 Ar·

183 701 280 756 mant
308 693 387 758 inde
413 693 569 775 juvenem
595 695 758 775 equales·
803 694 964 759 Pedestre
989 703 1149 764 scutum¹
1173 698 1279 780 capit,

142 847 147 854 ,
182 791 345 876 Hispano
371 794 511 874 cingitur
535 793 672 874 gladio,t
700 795 744 858 ad
772 797 962 878 propiorem
986 798 1090 860 habili
1115 816 1275 881 pugnam.

182 891 355 958 Armatam
378 893 645 976 adornatumque
668 895 829 960 adversus
844 895 979 962 Gallum
1004 897 1127 961 stolide
1149 897 1278 975 laetum,

182 1001 217 1058 et
239 995 415 1078 (quoniam
439 994 475 1057 id
498 1015 633 1079 qnoque
660 999 820 1061 memoria
842 999 980 1078 dignum
1003 998 1151 1081 antiquis
1166 999 1277 1062 visum

183 1099 247 1173 est)
266 1097 413 1174 linguam
434 1097 535 1159 etiam
558 1099 602 1160 ab
622 1099 722 1162 irrisu
743 1106 942 1174 exerentem,
965 1098 1165 1180 producunt.
1209 1097 1278 1161 Re·

182 1197 311 1278 cipiunt
329 1196 405 1259 inde
424 1215 461 1258 se
479 1197 520 1259 ad
542 1201 718 1262 stationem
731 1219 738 1257 :
751 1205 794 1244 ¹⁴¹
815 1204 851 1260 et
870 1197 937 1260 duo
959 1197 993 1259 in
1014 1200 1125 1261 medio
1147 1199 1275 1274 armati,

182 1298 366 1378 spectaculi
390 1299 495 1378 magis
519 1316 621 1374 more,
645 1316 743 1380 qnam
759 1297 831 1378 lege
846 1297 937 1376 belli,
961 1298 1198 1374 destituuntur,
1221 1317 1278 1362 ne-

181 1417 349 1480 quaqnam
374 1398 448 1462 visu
479 1417 521 1462 ac
548 1396 661 1480 specie
690 1397 934 1461 aestimantibus
964 1410 1095 1481 pares*
1138 1397 1275 1480 Corpus

181 1497 276 1562 alteri
287 1493 511 1580 magnitudine
526 1499 698 1575 eximium,
712 1499 907 1564 versicolori
920 1506 1013 1564 veste
1023 1507 1037 1534 ⁸
1052 1499 1225 1582 pictisque
1240 1504 1277 1561 et

181 1615 262 1662 auro
292 1601 422 1664 caelatis
449 1599 612 1680 refulgens
637 1599 760 1662 armisr
783 1601 895 1664 media
917 1601 954 1664 iu
983 1600 1089 1664 altero
1118 1598 1276 1664 militaris

181 1705 320 1777 statura,
344 1702 542 1783 modicaque
557 1701 591 1763 in
608 1701 707 1764 armis
721 1700 889 1764 habilibus
904 1702 1012 1782 magis
1026 1719 1128 1784 quam
1143 1697 1277 1762 decoris

179 1801 322 1881 species.
368 1801 447 1865 Non
463 1809 594 1875 cautus,
616 1821 682 1864 nou
708 1803 872 1866 exultatio
888 1820 1120 1884 murorumque
1135 1797 1276 1881 agitatio

180 1917 282 1978 vana,
296 1902 355 1964 sed
366 1909 499 1983 pectus,
515 1901 699 1964 animorum
711 1901 841 1984 iraeque
852 1903 964 1965 tacitae
980 1901 1128 1985 plenum,
1142 1917 1276 1964 omnem

178 2002 337 2068 ferociam
361 2005 395 2068 iu
419 2003 596 2068 discrimen
621 2003 733 2085 ipsum
759 2003 948 2068 certaminis
973 2002 1159 2066 distulerat.
1204 1999 1277 2064 Ubi

179 2105 354 2168 constitere
380 2107 462 2169 inter
484 2105 570 2168 duas
591 2103 694 2179 acies,
719 2109 768 2166 tot
791 2104 885 2166 cirea
909 2103 1096 2166 mortalium
1121 2100 1277 2164 animis·5

179 2223 241 2288 spe
255 2213 411 2290 metuque
426 2205 661 2288 pendentibus,
677 2202 810 2281 Gallus,
831 2204 922 2269 velut
934 2202 1042 2265 moles
1054 2219 1197 2284 superne
1215 2199 1277 2263 inr-

179 2307 318 2384 miueus,
341 2307 490 2391 projecto
512 2307 601 2372 larva
623 2303 745 2383 scuto,b
765 2306 802 2368 in
816 2302 1028 2370 advenientis
1050 2319 1144 2365 arma
1165 2297 1276 2363 hostis

210 2461 224 2486 ¹
239 2453 402 2519 Statuartarr
418 2455 533 2518 disperse,
543 2455 565 2504 rt'
575 2453 627 2518 quir
637 2454 777 2515 estimaret,
787 2456 830 2517 tre.

635 2577 817 2600 ΟΙΝΜΝΜΟ

210 2667 240 2712 lt
259 2663 337 2726 vulg.
349 2663 393 2712 tae
401 2661 498 2724 pietate,
510 2660 577 2726 qnod
590 2667 618 2709 et
629 2659 675 2709 det
686 2659 860 2722 Dorica-lt
877 2655 995 2706 ‘Melior
1014 2653 1040 2703 in
1057 2659 1110 2703 ret.
1120 2653 1165 2702 lib.
1178 2652 1275 2714 lteeipi-

177 2731 222 2777 nt
232 2741 256 2777 te
265 2728 321 2776 tede
331 2729 362 2774 art
377 2727 503 2774 stationem
519 2723 609 2774 ceteri.¹
624 2723 713 2787 Sigon.
745 2723 805 2771 Vid.
823 2721 886 2770 Not
896 2721 1024 2768 Vere-lb
1041 2717 1145 2765 ‘Ariete'
1157 2729 1208 2763 nou
1220 2715 1274 2764 eei·

177 2791 224 2839 nie
238 2792 290 2854 legi
302 2797 432 2852 oportere,
444 2789 575 2838 existimet
586 2789 662 2842 idem,
675 2801 752 2851 quem
764 2785 869 2849 iugenio
880 2783 934 2832 dixi
946 2782 1084 2840 excellere,
1098 2779 1273 2828 Flerebelluet

177 2861 208 2902 at
217 2853 260 2916 tlt,
271 2861 278 2884 ‘
289 2862 329 2903 tut
340 2854 489 2902 mortalibus
501 2852 674 2915 pendentibus
684 2851 760 2899 enimi
772 2863 819 2912 epe
829 2855 951 2911 metuque
961 2845 983 2894 ι’
993 2852 1021 2893 et
1030 2843 1092 2892 illud
1102 2845 1273 2920 erprtmptur,

177 2917 245 2982 qnod
257 2925 298 2968 eet
309 2918 375 2968 libro
387 2931 450 2970 rrrr.
464 2919 473 2947 ⁸
483 2918 534 2968 'l'et
547 2917 657 2980 populor
668 2915 737 2964 iuter
748 2928 822 2978 rpem
832 2917 983 2976 metumque
992 2921 1128 2972 turpentes
1138 2920 1216 2955 auum
1227 2906 1273 2954 lte·

667 3041 780 3094 NOTAE

177 3157 275 3196 noram
308 3143 385 3194 llere
395 3143 484 3206 iteque
495 3139 619 3204 pietatem
630 3139 706 3202 dicit,
746 3143 831 3194 rente,
841 3151 875 3186 ex
887 3129 1009 3196 Polybio,
1022 3127 1091 3193 qaut
1103 3125 1142 3175 url
1153 3121 1273 3188 Hispani,

178 3233 230 3270 nou
240 3232 297 3284 quse
311 3219 337 3268 lu
357 3218 405 3266 troc
422 3216 572 3276 certamine,
589 3214 635 3264 red
647 3229 705 3280 quta
745 3225 875 3277 quemque
885 3209 945 3258 ideo
956 3209 1047 3270 poetee
1057 3201 1166 3254 Romani
1177 3197 1273 3264 Hispe-

97 3303 103 3314 '
176 3294 311 3345 intuendo
329 3294 454 3343 edrerrnr
470 3292 642 3354 Pomponium
659 3305 705 3354 pa·
745 3289 860 3337 niemem
872 3285 972 3333 dixere.

178 3376 220 3418 tre
235 3369 292 3431 jem
312 3367 451 3418 enituerat.
484 3367 532 3414 Ert
554 3365 642 3428 ireque
661 3365 706 3414 tec
775 3350 1222 3424 *RecipieatiedeeeedetattmteJ
1234 3349 1273 3399 st·

174 3443 341 3507 pietateidem
353 3458 392 3500 ec,
402 3441 549 3507 queee,vel
561 3438 642 3501 luisti,
653 3438 705 3502 pie·
745 3451 804 3502 gau.
826 3441 924 3500 preter
945 3437 1061 3480 veterum
1078 3425 1157 3476 fidem
1175 3423 1275 3488 adjecit

178 3525 244 3570 tete·
266 3519 381 3567 Sumitur
392 3519 460 3568 enim
478 3517 517 3566 bie
535 3530 581 3580 pro
594 3515 638 3564 teli
650 3514 705 3564 rire
743 3511 837 3568 eeterir
848 3507 916 3573 quod
928 3501 1166 3565 eetieiutelligitur.

177 3593 330 3660 huiuamodl.
347 3595 420 3658 virg.
432 3596 441 3624 ⁸
452 3593 531 3644 Hunc
544 3605 594 3654 ego
605 3598 641 3647 te,
653 3591 705 3640 Eu·
776 3593 790 3620 ⁸
811 3581 952 3635 terarum
967 3575 1043 3639 certe]
1066 3576 1119 3625 ilie
1128 3574 1274 3664 'Gelicmm

177 3673 260 3736 tyele,
270 3667 384 3733 repieta.¹
744 3662 806 3710 olim
826 3661 852 3708 iu
867 3658 936 3707 bello
950 3653 1064 3704 babitus.
1082 3651 1216 3737 ‘Vtrgette
1234 3649 1274 3697 ln·

209 3754 223 3781 ¹
240 3743 467 3806 Pedestrereetrrra]
487 3741 705 3804 laugiur,etquc
745 3731 930 3798 centregulle,’
948 3729 1016 3794 apud
1028 3729 1101 3791 virg.
1118 3727 1204 3776 Ltuete
1216 3731 1274 3774 teu·

177 3827 248 3874 totus
265 3835 360 3884 corpur
382 3826 533 3883 tegeretnr3
560 3815 704 3866 cumcuim
745 3818 800 3861 tura
812 3805 964 3860 mulctetub
979 3805 1046 3866 regit
1064 3796 1273 3886 breviburludu·

177 3911 257 3962 eques
267 3901 346 3956 erret,
356 3894 475 3956 deperite
491 3904 590 3955 perure,
607 3895 635 3939 et
650 3889 706 3938 lou·
745 3885 776 3948 ti,
792 3893 821 3934 et
840 3885 931 3932 iuuete
941 3879 1023 3941 megi·
1033 3872 1186 3926 fertitudine
1196 3885 1274 3936 quem

178 3972 251 4037 glore
262 3971 349 4034 gladio
364 3967 489 4032 equestri,
507 3965 653 4030 pedestrem
665 3977 705 4014 er·
743 3961 820 4008 ermis
830 3956 921 4006 muniti
930 3958 1016 4002 erent.

178 4053 305 4096 metarum
317 4047 416 4094 sumsit.
733 4031 736 4038 '
776 4033 788 4067 b
807 4031 918 4090 Prqy’eae
928 4023 1076 4088 amento]
1088 4022 1273 4087 NonebJeete,

208 4117 561 4184 tHispanocr'rrgitrrgludio]
577 4113 705 4170 Breviort,
745 4107 791 4181 qed
812 4110 948 4170 porrecto:
966 4103 1039 4166 aaut
1054 4099 1141 4150 aeaut
1157 4113 1199 4147 m
1216 4097 1273 4146 lee-

178 4194 355 4245 redmnoroue
372 4194 475 4248 eximio,
492 4191 617 4254 tirmeque
633 4189 704 4237 lumi·
743 4186 812 4235 elier.

178 4284 221 4329 ue,
230 4269 307 4321 ictum
316 4270 444 4335 utrimque
454 4269 631 4319 vehementem
639 4261 703 4312 inte·
