3150 4942
307 435 372 499 934
711 429 716 440 '
773 447 809 493 n.
834 447 929 494 urvrr

308 590 591 673 Tarquiniensem.
636 587 690 652 Ibi
706 588 832 672 oppida
846 588 1074 669 Etruscorum,
1085 586 1248 652 Cortuosa
1260 595 1297 651 et
1310 587 1396 652 con-

309 685 471 762 tenebret
484 689 517 752 vi
532 695 631 771 capta
646 687 844 770 dirutaqne⁹
887 687 943 750 Ad
965 686 1165 750 Cortuosam
1178 690 1205 724 ¹⁰
1226 688 1307 751 nibil
1328 708 1396 754 cer·

309 789 446 852 taminia
462 788 534 852 tuit.
578 787 766 872 improviso
789 787 908 863 adorti,
927 787 1035 871 primo
1054 787 1197 851 clamore
1220 793 1321 871 atque
1338 789 1400 852 im·

309 895 391 972 peta
405 908 542 972 cepere:
557 889 721 972 direptum
736 887 899 970 oppidum
915 894 1016 969 atque
1031 889 1198 951 incensam
1214 894 1277 951 est.
1310 888 1398 953 Con-

309 991 478 1055 tenebra¹¹
503 1008 631 1071 paucos
647 989 720 1052 dies
737 988 1019 1070 oppugnationem
1037 988 1214 1066 sustinuit3
1236 988 1398 1071 laborque

310 1091 502 1165 continuus,
518 1108 585 1151 non
600 1089 653 1152 die
667 1107 735 1152 non
751 1096 849 1151 nocte
865 1089 1036 1163 remissus,
1053 1087 1184 1167 subegit
1198 1106 1269 1150 eos.
1314 1087 1399 1152 Cnm

309 1191 345 1253 iu
368 1207 429 1253 sex
455 1197 566 1272 partes
590 1189 716 1252 divisus
738 1187 904 1251 exereitus
934 1186 1110 1250 Romanas
1135 1187 1226 1250 aenis
1251 1187 1343 1250 boris
1365 1190 1400 1250 in

308 1291 421 1375 orbem
437 1289 628 1352 succederet
642 1289 769 1371 praelio,
785 1287 977 1370 oppidanos
988 1294 1014 1324 ¹²
1026 1286 1159 1350 eosdem
1174 1288 1301 1368 integro
1317 1306 1401 1350 sem·

308 1411 369 1473 per
384 1389 555 1453 certamini
581 1389 737 1471 pancitas
760 1388 872 1451 sessos
898 1386 1080 1469 objiceret;
1102 1406 1231 1451 cessere
1255 1387 1399 1465 taudem,

309 1491 472 1572 locusque
487 1488 667 1553 invadendi
688 1491 800 1552 urbem
818 1489 982 1552 Romanis
1003 1488 1103 1552 datus
1125 1493 1186 1580 cst.
1230 1485 1401 1552 Publicari

309 1592 482 1676 praedam‘
504 1591 648 1654 tribunis
670 1591 848 1672 placebat:
871 1589 931 1652 sed
962 1590 1146 1670 imperinm,
1171 1606 1270 1670 qnam
1294 1591 1400 1652 consi·

310 1691 404 1769 lium,
429 1691 560 1772 segnius
585 1689 672 1754 suits
715 1691 805 1753 Dum
829 1693 1031 1764 cunctantur,
1047 1688 1120 1770 jam
1134 1687 1273 1752 militnm
1288 1689 1402 1771 praeda

311 1796 399 1872 erat3
421 1809 493 1867 nec,
507 1791 572 1856 nisi
589 1809 648 1873 per
662 1789 836 1865 invidiam,
852 1789 954 1852 adimi
968 1788 1119 1870 poterat!
1160 1787 1287 1851 Fodem
1301 1807 1400 1865 anno,

310 1913 351 1956 ne
377 1893 515 1974 privatis
541 1895 669 1955 tanturn
692 1890 847 1971 operibns
873 1895 1031 1951 cresceret
1059 1887 1163 1963 Urbs,
1195 1885 1402 1970 Capitolium
1444 1968 1448 1972 Α

312 2010 444 2075 quoqne
461 2011 545 2056 saxo
570 1991 731 2074 quadrato
753 1991 978 2055 substructum
993 1987 1088 2052 est:h
1110 2008 1199 2072 opus
1213 1989 1267 2052 vel
1284 1990 1319 2051 in
1339 1989 1401 2052 bac

311 2090 559 2174 magnificentia
576 2092 666 2154 urbis
681 2090 966 2174 conspiciendum.

278 2182 285 2195 ’
354 2199 387 2260 5.
409 2194 486 2260 Jam
508 2200 542 2258 et
563 2194 684 2259 tribuni
708 2194 830 2276 plebis,
853 2193 991 2256 civitate
1013 2192 1210 2257 aedificando
1224 2198 1402 2275 occupata,

312 2297 488 2360 conciones
518 2314 599 2359 suas
627 2293 835 2376 frequentare
863 2293 993 2373 legibus
1018 2292 1156 2373 agrariis
1183 2291 1402 2355 conabantur.

313 2395 554 2460 Ostentabatnr
568 2396 602 2458 in
618 2413 712 2476 spem
727 2393 929 2475 Pomptinus
953 2411 1042 2472 ager,
1065 2399 1134 2457 tum
1155 2393 1310 2474 primurn,
1324 2399 1404 2473 post

313 2494 445 2557 accisas
460 2514 481 2557 a
497 2492 641 2557 Camillo
655 2491 859 2557 Volscorurn
872 2511 936 2566 res,
951 2490 1175 2572 possessionis
1195 2490 1283 2554 band
1299 2492 1404 2554 ambi·
1420 2497 1426 2506 ‘

313 2611 400 2674 gnae.
443 2592 718 2670 Criminabantnr,
740 2592 870 2656 ‘multo
893 2611 969 2655 eum
994 2590 1200 2654 infestiorem
1224 2609 1336 2672 agmm
1359 2593 1402 2655 ab

345 2785 799 2851 ¹Nosspuripassusasbrsluritjsssus
811 2802 840 2835 se
853 2786 1013 2849 metasse
1029 2799 1076 2835 sos
1093 2787 1154 2834 sstr's
1171 2789 1263 2834 natare
1273 2783 1405 2844 iamt,

313 2852 375 2913 qaod
384 2853 411 2900 iss
420 2851 628 2900 asbaodsbsdsat.

345 2913 353 2948 ⁸
371 2915 422 2964 Nes
432 2917 523 2976 merri
530 2920 625 2979 poterat
634 2913 683 2963 sisi
691 2928 744 2962 sarrs
754 2913 816 2962 odio.

768 3065 947 3088 ”imm

315 3185 479 3235 tironem-8
496 3185 573 3234 Malit
588 3185 655 3234 Tan.
676 3182 769 3232 Faber.
787 3181 1018 3243 utinquam—s
1032 3180 1135 3230 ‘Video
1154 3181 1286 3230 Moratum
1302 3182 1364 3230 eV.
1375 3182 1404 3231 b.

313 3255 451 3298 annotasse
473 3249 618 3310 direptaque.
651 3247 703 3295 Vix
721 3246 823 3295 ridetur
841 3247 995 3292 atterutrum
1013 3241 1164 3302 serendum
1181 3251 1209 3294 et
1223 3259 1282 3293 eum
1297 3254 1405 3293 ereptas

313 3313 421 3362 istarum
433 3312 532 3360 urbium
551 3322 603 3360 tarn
616 3310 691 3374 plene
704 3308 772 3358 inira
783 3309 975 3362 describantur,
985 3321 1079 3369 sequor
1094 3308 1276 3357 auctoritatem
1293 3307 1366 3358 liott.
1376 3317 1405 3356 et

314 3373 390 3424 Voss.
399 3380 423 3425 1.
436 3377 478 3439 qui
491 3375 606 3424 ultimum
617 3389 666 3423 nou
677 3381 829 3436 agnoscunt.
857 3373 916 3420 Nee
926 3372 975 3419 iste
985 3371 1050 3420 ntra
1063 3386 1117 3420 mos
1127 3371 1252 3420 est.⁸.tse.
1266 3373 1405 3420 Graan.-

315 3442 347 3487 ro
371 3439 456 3487 ‘cm
482 3440 581 3488 Nosssss
603 3438 737 3500 legendnm
758 3452 791 3486 ex
812 3434 962 3497 fragmentis
984 3435 1112 3496 originum
1135 3434 1261 3484 Catonis!
1287 3435 1405 3496 sigoa-

315 3508 345 3551 ll
364 3502 442 3550 ‘Cart
453 3503 549 3551 Esrbm
559 3516 591 3551 es
604 3500 714 3550 iisdem!
729 3499 870 3547 Idea—12
888 3504 895 3525 ¹
906 3498 1034 3546 Desidere
1044 3499 1196 3561 partientem
1204 3504 1229 3547 et
1239 3503 1300 3547 aute
1308 3500 1403 3561 oppida·

313 3579 367 3624 aas,
387 3567 427 3614 vel
443 3571 530 3624 antem,
546 3580 611 3620 sero.
628 3573 687 3627 post
706 3562 848 3624 oppidanos,-
872 3561 987 3622 quamvis
1004 3577 1053 3611 non
1071 3563 1172 3626 ignoro,
1184 3563 1247 3611 alias
1259 3563 1403 3612 orationem

312 3628 445 3682 Urianarn
457 3631 512 3679 riae
523 3629 572 3678 boc
584 3628 685 3678 viuculo
697 3622 918 3675 recte¹inoedere.'
934 3625 1052 3688 Domina.

808 3769 914 3821 NO‘l'AE

346 3883 687 3949 ‘cmmaescosrmtrq
715 3884 838 3946 Hacop-
878 3883 941 3933 bata
957 3884 1037 3946 pratil
1057 3888 1130 3945 parte
1148 3883 1327 3944 bandmagna·
1359 3884 1403 3934 Sic

314 3957 376 4022 pida
387 3959 438 4008 duo
458 3958 483 4006 in
501 3959 612 4008 Etr-urias
630 3972 695 4021 agre
705 3958 837 4021 Tarquini·
878 3958 975 4008 bellom
985 3958 1097 4022 seipsum
1109 3958 1206 4008 alebat.

315 4031 592 4082 enslfnlsselricloens
608 4033 694 4084 donet.
727 4033 766 4082 Ea
781 4033 838 4083 aliia
910 4031 1005 4082 *aaa
1033 4033 1148 4095 pssdrste
1175 4033 1333 4082 substractus
1354 4033 1403 4096 est]

315 4107 460 4156 auctoribus
473 4107 570 4169 ignota.
879 4107 1402 4164 Nonrecensedificatumscdedicstnrn

346 4189 359 4224 ⁸
377 4181 498 4230 Publicus-r·
513 4181 628 4244 medam]
648 4183 700 4232 llic
716 4197 770 4232 mos
784 4183 836 4233 lio-
877 4182 971 4238 denuo,
988 4183 1033 4232 sed
1046 4184 1153 4247 adjectis
1167 4183 1239 4232 noris
1250 4181 1402 4236 fundamen·

314 4268 452 4312 manorum,
466 4254 589 4306 militibus
602 4269 634 4305 ea
652 4257 736 4321 pretio
751 4255 837 4306 distri·
878 4255 911 4304 tis
921 4254 1053 4308 suffultam
1066 4271 1097 4308 ac
1108 4258 1242 4310 manttnru.
