3150 4942
583 452 655 502 mn.
680 454 720 502 x.
744 454 826 503 cnr·
847 437 903 504 26.
1204 442 1291 507 1347

192 596 326 679 quisse3
349 601 380 659 et
396 596 506 660 minus
519 596 665 681 quinqua
681 596 787 661 millia
799 597 949 680 peditum
966 599 1199 683 equitumqno⁸
1214 620 1290 667 cum

193 698 303 761 Fabio
313 700 336 733 ¹¹
353 697 495 761 uenisse.
534 698 607 761 Sibi
623 699 767 780 placere,
782 700 824 762 P.
841 700 983 763 Decium
998 702 1167 765 consulem
1182 705 1291 785 primo

193 818 327 881 qnoque
354 807 507 880 tempore
531 799 565 861 in
591 799 756 863 Etruriam
781 800 824 867 ad
849 802 1013 881 collegam
1037 802 1224 885 proticisci:
1248 804 1290 869 L.
1354 866 1358 869 ,
1392 876 1396 882 ,

191 900 376 965 Volumnio
401 902 574 965 Samnium
596 902 803 985 provinciam
827 902 908 965 dari.
953 904 995 994 Si¹
1013 905 1133 967 consul
1147 905 1242 969 malit
1255 906 1291 970 in

192 1020 286 1065 suam
303 1002 510 1084 prouinciam
525 1004 584 1079 ire,
599 1002 816 1067 Volumnium
830 1004 866 1066 in
884 1004 1046 1069 Etruriam
1061 1004 1103 1068 ad
1119 1007 1290 1071 consulem

191 1122 267 1166 curn
293 1105 441 1168 exercitu
463 1104 558 1187 justo
585 1105 759 1168 consulari
786 1104 977 1188 proficisci!
1021 1105 1106 1170 (lum
1134 1126 1290 1187 magnam

152 1263 157 1275 ‚
192 1212 321 1285 partem
344 1211 489 1268 moveret
513 1207 622 1276 oratio
643 1206 811 1287 praetoris,
830 1206 868 1269 P.
885 1206 1026 1269 Decium
1049 1207 1218 1271 censuisse
1241 1209 1291 1271 ie-

192 1316 279 1382 runt,
302 1314 340 1369 ut
358 1306 470 1369 omnia
492 1307 618 1385 integra
640 1326 681 1369 ac
707 1306 814 1370 libera
841 1305 886 1383 Q.
909 1306 1017 1369 Fabio
1043 1316 1289 1382 servarentur,¹²

192 1406 294 1470 donec
318 1406 371 1469 rel
395 1409 479 1488 ipse,
496 1405 526 1469 si
549 1407 833 1489 percommodum
850 1408 895 1471 rei
911 1407 1059 1489 publium
1074 1418 1201 1490 posset,
1218 1410 1288 1474 Ro-

192 1524 279 1569 mam
301 1508 459 1593 venisset,
476 1509 529 1572 vel
552 1510 697 1599 aliquem
713 1528 755 1571 ex
770 1509 889 1589 legatis
905 1508 1071 1588 misisset;
1094 1528 1113 1572 a
1130 1529 1197 1592 quo
1219 1511 1290 1573 dis-

193 1616 284 1671 ceret
306 1618 452 1685 senatus,
477 1617 637 1691 quantum
660 1610 693 1675 in
716 1608 848 1673 Etruria
867 1610 945 1673 belli
963 1616 1064 1685 osset,
1086 1610 1288 1695 quantisque

192 1708 488 1774 administrandum
504 1711 625 1793 copiis,
638 1717 670 1774 et
684 1718 767 1794 quot
781 1732 840 1794 per
854 1711 957 1775 duces
971 1718 1070 1775 esset.
1097 1696 1100 1702 ¹

234 1810 287 1873 26.
312 1809 453 1887 Fabius,
475 1819 514 1875 ut
535 1812 679 1875 Romam
693 1812 806 1888 rediit,
822 1821 857 1876 et
876 1812 909 1875 in
925 1818 1090 1885 senatnet
1105 1812 1290 1895 productus

193 1909 235 1973 ad
252 1912 414 1993 populum
430 1912 573 1976 mediam
589 1913 769 1976 orationem
783 1912 913 1989 babuit,
934 1920 973 1975 ut
986 1932 1049 1976 uec
1072 1932 1206 1994 augere,
1229 1934 1290 1978 nec

192 2010 340 2077 minuere
355 2012 522 2077 rideretur
548 2014 632 2077 belli
655 2013 791 2091 sarnam,
814 2014 992 2096 magisque
1014 2016 1048 2078 in
1075 2014 1178 2077 altero
1193 2032 1290 2076 assu·

192 2112 312 2176 mendo
336 2113 420 2179 duce
444 2116 581 2178 aliorum
604 2114 774 2196 indulgere
799 2116 922 2191 timori,
947 2135 1049 2197 quam
1074 2133 1136 2178 suo
1157 2120 1216 2177 aut
1241 2115 1290 2178 rei

194 2214 338 2294 publicae
352 2216 501 2297 periculo
517 2218 701 2281 consulere.
748 2221 758 2249 ‘
774 2215 945 2293 Ceterum,
968 2217 998 2280 si
1013 2217 1086 2301 sibi
1101 2213 1290 2299 adjutorem

191 2314 270 2377 belli
285 2316 480 2398 sociumque
494 2317 628 2398 imperii
643 2316 769 2394 darent,
793 2336 939 2398 quonam
955 2318 1056 2381 modo
1076 2336 1114 2379 se
1136 2315 1290 2380 oblivisci

194 2414 239 2485 Ρ.
253 2416 352 2480 Decii
367 2418 515 2482 consulis
528 2425 550 2465 ¹³
578 2438 638 2501 per
652 2424 704 2483 tot
719 2415 887 2501 collegiaf
905 2420 1036 2501 experti
1052 2419 1179 2502 posset
1219 2416 1289 2480 Ne·

193 2516 314 2581 minem
328 2500 472 2582 omniurn
494 2538 608 2584 secum
633 2520 792 2605 conjungi
815 2522 994 2585 mullezet
1017 2520 1189 2601 copiarum
1204 2518 1290 2584 satis

194 2618 259 2682 sibi
275 2640 349 2684 cum
362 2620 402 2684 P.
418 2620 540 2698 Decio,
555 2628 590 2686 et
604 2639 773 2705 nunquam
788 2622 924 2684 nimium
941 2621 1087 2685 bostium
1101 2619 1184 2683 lore.
1226 2618 1290 2683 Sin

193 2721 323 2803 collega
337 2722 417 2803 quid
432 2722 523 2787 aliud
540 2723 647 2800 malit,
673 2728 708 2787 at
731 2724 794 2787 sibi
811 2722 849 2786 L.
864 2722 1082 2786 Volumnium
1099 2720 1216 2785 darunt
1230 2722 1290 2784 ad-

190 2821 359 2905 jutorem.’
402 2823 559 2893 Omnium
579 2842 688 2887 rerum
703 2823 874 2887 arbitrium
888 2829 922 2886 et
936 2841 957 2884 a
971 2822 1110 2905 populo,
1132 2830 1167 2885 et
1190 2841 1213 2885 a
1236 2814 1302 2885 se·¹

194 2932 284 2998 natu,
311 2928 343 2987 et
368 2926 411 2987 ab
437 2926 512 3007 ipso
535 2924 679 3005 collega,
707 2922 815 2985 Fabio
839 2922 1041 3004 permissum
1059 2930 1130 2984 est:
1152 2930 1187 2984 et
1211 2942 1288 2987 cum

196 3022 236 3087 P.
251 3024 378 3089 Decius
403 3044 440 3088 se
464 3026 499 3087 in
523 3026 691 3089 Samnium
709 3025 760 3089 vel
782 3024 816 3085 in
832 3023 993 3087 Etruriam
1008 3022 1177 3106 proficisci
1192 3044 1290 3105 para·

194 3131 263 3189 tum
288 3146 363 3189 esse
389 3127 600 3202 ostendisset,
628 3132 721 3191 tanta
743 3126 864 3190 laetitia
887 3145 927 3188 ac
949 3123 1124 3206 gratulatio
1149 3123 1222 3200 suit,
1252 3134 1290 3189 ut

194 3230 429 3310 praeciperetur
453 3228 593 3292 victoria
615 3228 749 3302 animia,
772 3226 1037 3309 triumphusque,
1061 3244 1127 3287 noo
1153 3224 1290 3301 bellum,

195 3327 363 3395 decretum
387 3329 582 3393 consulibus
606 3328 781 3394 videretur.
827 3325 969 3390 Invenio
992 3324 1085 3407 apud
1109 3325 1288 3407 quosdam,

195 3591 224 3640 F.
236 3588 414 3639 tironem-ll
432 3589 545 3640 Vecltb.
557 3588 626 3654 apud
637 3588 724 3654 Sigon.
736 3586 955 3652 equitumqmille
963 3601 1017 3635 eurr
1025 3586 1172 3636 Fulvia—lt
1188 3587 1288 3638 Tbuun.

195 3656 247 3703 duo
258 3654 326 3704 Pali.
342 3660 530 3705 reservarentur.

693 3748 800 3799 Nouis

198 3841 303 3903 rir,itre
313 3858 358 3906 pur
369 3848 431 3906 tout,
442 3858 467 3892 aa
477 3850 572 3893 boum
584 3856 630 3907 pm·
641 3847 701 3893 tout.
763 3850 790 3893 st
810 3849 947 3892 sexcernos
967 3839 1068 3902 equitas
1090 3837 1234 3887 dnotuat'
1260 3854 1289 3889 so

228 3927 239 3953 ⁰
257 3920 341 3969 Minus
349 3920 451 3983 quinque
460 3920 535 3968 tribu
544 3920 650 3982 peditum
657 3920 722 3984 equi·
762 3920 877 3970 rcribera
888 3920 954 3967 rolla
967 3924 1078 3965 testatus
1087 3923 1136 3963 est.

196 3997 300 4061 tumque]
328 3996 410 4045 Erant
428 4008 519 4044 revera
541 3995 624 4044 minus
646 4010 722 4059 quarn
794 3987 1215 4053 ‘Pertotecltegiu1'l'erenimiu
1226 4005 1289 4041 eon-

197 4073 308 4137 quinque
328 4072 407 4122 millia
426 4072 565 4132 bominum,
582 4086 721 4122 connume-
763 4069 857 4129 rrrlutu,
876 4067 957 4116 semel
977 4066 1005 4113 in
1025 4078 1144 4124 censura,
1163 4066 1289 4129 collegam

198 4148 260 4196 rutis
272 4156 323 4197 turn
342 4147 472 4212 equitibus
484 4162 561 4212 quarn
581 4147 721 4210 peditibus,
761 4144 888 4193 babuerat
902 4141 999 4192 Fabius
1016 4140 1140 4203 Decium,
1158 4139 1291 4193 otiantes

198 4231 228 4271 rrt
240 4231 312 4286 patet
323 4238 355 4273 ex
365 4224 440 4287 bajus
448 4224 527 4286 ipsius
535 4223 626 4286 cupitis
638 4223 722 4297 initi-c.
762 4220 881 4271 vidimus.

199 4304 242 4355 ubi
260 4302 354 4353 Fabius
375 4304 502 4367 ‘quatuor
515 4300 593 4349 millia
606 4297 721 4364 perlitum
