3150 4942
314 402 399 469 1300
780 418 816 463 r.
839 417 933 465 ervrr

346 566 447 609 nentur.
480 558 633 609 Pestilentia
642 558 739 609 Urbem
750 571 879 623 agrosque
893 559 954 616 urit,
963 566 992 606 et
1002 558 1028 607 iu
1040 557 1112 607 libris
1121 556 1257 621 Sibyllinis
1269 558 1410 617 invenitur,

344 636 483 700 AEsoulapii
494 638 593 701 siguum
605 638 638 689 ab
651 636 781 701 Epidauro
792 636 900 687 Romam
910 636 1100 690 arcessendum.

316 966 349 1032 1.
372 940 432 1027 L·
455 964 646 1040 assumo,
675 964 749 1027 Ser.
765 962 920 1029 Cornelio
934 964 1161 1040 consulibus?
1188 966 1232 1027 ab
1261 963 1413 1026 externis

315 1067 418 1130 ferme
433 1065 534 1130 bellis
550 1065 656 1128 otium
673 1064 746 1127 luit.
793 1064 910 1127 Soram
924 1070 1026 1147 atque
1049 1061 1167 1127 Albam
1191 1062 1334 1126 coloniae
1356 1061 1414 1125 sle

315 1166 435 1231 ductae.
480 1164 602 1230 Albam
618 1166 651 1227 in
667 1164 823 1247 AEquos·
845 1182 908 1227 sex
933 1164 1040 1228 millia
1054 1165 1250 1227 colonorum
1271 1164 1414 1244 scripta.

317 1265 483 1348 Soraagri
497 1263 638 1330 Volscib
660 1264 788 1344 suerat3
811 1264 869 1327 sed
888 1265 1110 1345 possederant
1131 1264 1317 1327 Samnites.
1361 1262 1414 1325 Eo

316 1373 459 1445 quatuor
473 1366 580 1429 millia
596 1366 767 1429 hominum
783 1364 898 1428 missa.
943 1364 1070 1428 Eodem
1089 1382 1174 1427 anno
1191 1362 1414 1445 Arpinatibus

316 1464 604 1549 Trebulanisquee
638 1467 759 1529 civitas
791 1464 882 1528 (lata
939 1460 1164 1528 Frusinatesd
1196 1465 1297 1526 tertia
1323 1472 1417 1547 parte

317 1568 386 1647 agri
403 1564 559 1642 damnati,
569 1565 661 1647 quod
677 1564 843 1629 Hernicos
859 1565 903 1629 ab
919 1566 969 1627 eis
983 1564 1171 1627 solicitatos
1183 1572 1416 1645 compertum:

317 1668 498 1747 capitaque
518 1666 759 1748 conjurationis
774 1665 858 1748 ejus,
874 1665 1058 1748 quaestione
1081 1666 1125 1729 ab
1145 1665 1346 1727 oonsulibus
1370 1684 1417 1727 ex

317 1772 452 1829 senatus
477 1768 628 1830 consulto
654 1767 780 1844 habita,
807 1767 909 1849 virgis
935 1767 1016 1830 coesi
1041 1784 1082 1829 ao
1111 1766 1222 1828 securi
1242 1765 1419 1846 percussi.

318 1866 470 1943 'Famem'
487 1886 527 1929 no
544 1884 677 1948 prorsus
692 1866 861 1931 imbellem
878 1873 1012 1949 agerent
1026 1879 1172 1945 anrmm,⁴¹
1192 1884 1300 1950 parra
1312 1885 1422 1948 expe·

318 1966 401 2029 ditio
421 1966 455 2028 in
476 1966 618 2031 Umbria
633 1967 724 2031 sacta
737 1974 812 2045 est;
835 1966 926 2049 quod
940 1967 1166 2040 nuntiabatur,
1187 1985 1231 2029 ex
1247 1966 1421 2048 'spelunca

319 2067 464 2149 quadam
490 2070 709 2133 excursiones
738 2076 938 2133 armatorum
963 2071 999 2131 in
1022 2086 1123 2150 agros
1147 2067 1231 2131 lieri.
1275 2067 1320 2130 In
1341 2087 1420 2131 eam

321 2169 518 2250 speluncam
535 2177 742 2252 penetratum
757 2189 835 2234 oum
850 2171 954 2253 signis
976 2177 1048 2235 est:
1070 2176 1104 2234 et
1118 2188 1163 2233 ex
1188 2188 1230 2233 eo
1254 2169 1334 2233 loco
1354 2172 1420 2234 ob·

351 2364 363 2385 ⁰
375 2354 413 2403 Ne
424 2360 528 2408 emulsa
538 2373 624 2409 usuum
635 2374 704 2409 aruns
712 2358 813 2408 otiosum
822 2374 838 2407 o
849 2356 907 2407 bello
916 2365 1065 2423 peragerent.

817 2535 922 2587 NOTAE

353 2646 368 2673 ⁶
388 2645 419 2693 Α.
432 2646 463 2694 U.
475 2648 505 2695 C.
515 2650 573 2695 too.
888 2662 930 2698 an.
941 2653 998 2699 tstt.
1008 2662 1065 2698 sans
1081 2648 1114 2697 asl
1133 2648 1261 2697 Samnitas
1275 2646 1420 2703 defecisse.

352 2728 364 2753 ⁸
380 2720 465 2769 Albosn
476 2722 502 2769 s'rs
514 2721 614 2785 AEqroa]
640 2722 733 2773 Albsrn
746 2724 848 2772 Fucen·
887 2724 1035 2773 interiectis
1044 2724 1141 2773 colonis
1152 2724 1337 2771 Rornanorum·

321 2800 354 2846 tia
366 2797 491 2859 intellige,
499 2812 564 2860 quire,
576 2798 711 2848 sentinari
722 2814 737 2848 a
748 2800 847 2848 Fucino
919 2808 930 2832 ⁶
950 2795 1144 2861 nemusque]
1164 2796 1290 2845 Trebulas
1300 2796 1327 2844 ln
1339 2795 1421 2845 ltalia

321 2872 389 2933 lacu,
402 2884 493 2920 nornen
505 2870 588 2921 adnue
600 2874 705 2929 retinet,
719 2876 744 2924 in
757 2875 848 2935 ruinis,
887 2874 991 2923 inreuio
1002 2874 1106 2936 plures:
1123 2872 1188 2921 (luas
1197 2872 1222 2920 in
1233 2870 1346 2932 Sabinis,
1355 2885 1422 2934 qua·

322 2945 399 3007 vulgo
410 2945 480 3009 Albe,
492 2947 533 2996 rel
545 2947 610 2997 Alli.
642 2944 683 2998 Ab
703 2964 734 2999 ea
749 2948 848 2999 Alben-
889 2966 946 3000 rnsn
963 2952 1014 3000 alia
1030 2950 1182 3014 cognomina
1201 2949 1337 3007 Molossa,
1358 2963 1421 3011 sep·

321 3034 371 3080 ses,
389 3025 418 3068 nt
438 3020 471 3070 ab
489 3021 557 3072 Alba
573 3024 660 3086 Longa
679 3024 784 3077 Albani.
818 3026 850 3074 In
890 3035 1074 3089 tempaasunrn
1083 3022 1308 3073 millibusoburbe
1317 3024 1419 3073 Reate:

322 3097 389 3146 colle
401 3098 451 3147 sita
466 3106 493 3146 et
511 3100 610 3148 munita
627 3098 686 3164 init,
703 3101 791 3165 ibique
809 3101 851 3149 de·
890 3114 949 3164 quas
977 3115 1045 3148 nunc
1066 3100 1151 3148 Monte
1174 3098 1253 3147 laesae
1273 3098 1421 3148 Cluserio:

322 3174 387 3221 tenti
400 3173 523 3222 custodiae
533 3190 610 3223 cansa
619 3176 732 3225 illustres
744 3177 850 3239 captiui,
891 3176 941 3224 alis
960 3173 1074 3230 Simena,
1094 3174 1167 3237 crrjus
1187 3173 1252 3222 situs
1273 3173 1420 3235 ignoratur.

323 3254 352 3294 ut
365 3246 458 3295 Perses
478 3254 505 3295 ei
524 3248 647 3311 Bituitus,
666 3250 710 3299 ille
729 3250 852 3299 blacerio·
890 3251 981 3299 Tertia
990 3249 1041 3298 fuit
1052 3251 1078 3299 iu
1090 3249 1242 3311 Campania,
1258 3248 1333 3311 cujus
1350 3249 1421 3299 ioesa

323 3336 393 3380 nnus,
409 3320 452 3369 hic
468 3322 643 3373 Arvernorum
661 3340 717 3374 rea.
750 3327 853 3375 Revera
892 3322 1026 3373 Cluverius
1037 3325 1115 3372 sitnm
1133 3321 1213 3371 fuisse
1230 3321 1339 3384 conjicit
1350 3321 1422 3371 inter

323 3397 349 3443 in
370 3398 463 3445 Marsis
475 3398 534 3460 init,
552 3408 581 3449 nt
599 3400 694 3457 Caesar,
712 3402 852 3465 Pompeius
892 3402 986 3448 veteris
1006 3400 1102 3462 Capuae
1122 3412 1153 3447 uc
1173 3397 1302 3447 Suessulre
1322 3396 1424 3459 ruinas,

324 3470 427 3526 Festus,
438 3472 532 3535 aliique
544 3474 783 3541 tradunt‚situsque
795 3476 851 3539 ipse
892 3474 936 3523 nbi
956 3489 1024 3523 nnnc
1043 3474 1114 3522 ricus
1127 3474 1256 3528 iberitam
1272 3472 1343 3521 unrle
1353 3472 1421 3521 Tre·

323 3542 491 3593 demonstrat.
525 3546 592 3595 Narn
605 3549 715 3599 Fucinus
727 3554 806 3606 lacus,
819 3550 851 3598 ad
893 3549 978 3599 butoni
1000 3550 1150 3611 cognomine
1172 3548 1359 3607 Balinienses;
1393 3556 1422 3597 er

324 3632 400 3683 quern
423 3633 454 3667 es
477 3618 527 3667 sira
549 3621 573 3667 iu
597 3624 741 3673 useditnllio
768 3624 850 3674 fernae
892 3625 1024 3674 Ciceronis
1039 3623 1224 3673 Trebulanum.
1257 3624 1368 3673 Debeo
1382 3624 1422 3673 in·

323 3694 429 3743 Marsici
443 3693 506 3755 agri.
534 3694 621 3744 Livius
630 3698 655 3744 in
668 3698 755 3760 AEquir
767 3702 850 3763 ponit,
891 3700 1056 3763 settigeadmn
1078 3708 1141 3762 puro
1161 3700 1261 3748 Lirinus
1283 3699 1333 3747 boc
1353 3700 1422 3761 loon,

241 3800 245 3808 -
325 3769 415 3819 eodem
436 3782 533 3829 errore,
552 3784 602 3833 qno
622 3772 698 3834 paulo
716 3782 773 3837 port
788 3776 851 3825 Cur·
891 3774 1420 3839 sumquooitsregioainuapropioresia

326 3846 418 3905 aeolos,
437 3845 480 3909 qni
501 3844 639 3907 AEquornm
657 3858 741 3911 erant,
757 3850 850 3899 Marsis
890 3849 982 3913 quibos
999 3849 1048 3897 boe
1066 3856 1184 3911 tempore
1204 3849 1312 3897 Romani
1323 3849 1420 3898 ballaas

326 3921 441 3969 ascribit.
475 3920 533 3969 Nisi
554 3920 720 3972 finitimorum
743 3926 851 3988 populo·
892 3925 1027 3988 gerebant,
1043 3932 1097 3974 tuns
1112 3924 1180 3989 qnod
1196 3924 1365 3986 Arpinatibus
1385 3926 1421 3974 si·

325 4010 380 4043 runs
391 3994 455 4043 lines
466 3993 539 4044 bellis
548 4010 617 4058 ssepe
629 3999 730 4047 rnsstati.
892 3997 955 4059 cini,
965 4012 1074 4061 quornm
1084 3993 1126 4047 bic
1137 3999 1244 4047 mentio.

358 4068 449 4117 l‘Suro
467 4070 522 4127 ages·
544 4069 633 4133 Volsci]
655 4074 768 4123 Videtur
787 4076 852 4125 Sora
924 4075 1105 4140 transuta]
1133 4076 1176 4125 ab
1194 4075 1293 4139 oppido
1311 4076 1418 4125 Volsco·

326 4144 452 4192 coloniam
467 4142 522 4204 jans
540 4154 616 4193 antea
629 4150 772 4212 accepisse:
793 4164 852 4200 curn
892 4165 948 4199 runs
977 4151 1128 4208 Frusinone,
1152 4150 1222 4213 qnod
1249 4151 1327 4214 vulgo
1350 4163 1418 4202 nune

326 4217 382 4271 Lis.
404 4218 459 4293 lib.¹
470 4220 595 4281 superiori
614 4226 797 4276 memoraverit
818 4226 851 4277 srl
893 4226 1029 4288 Froselsne,
1043 4224 1075 4275 ad
1089 4224 1181 4277 Cosam
1193 4222 1220 4277 li.
