3150 4942
313 404 400 473 1184
779 420 814 466 r.
840 418 933 467 nrrtr

314 565 501 631 uidebatur.
545 566 650 631 Forte
672 564 719 627 ita
740 579 782 624 eo
803 579 893 625 anuo
913 562 1037 637 evenit,
1060 567 1108 637 nt,
1131 560 1415 645 quotiescumque

315 664 460 730 dictator
472 670 515 731 ab
530 666 676 731 exercitu
692 662 869 739 recessit‚¹¹
890 662 1005 725 hostes
1029 663 1062 725 in
1083 662 1222 725 Samnio
1236 682 1414 727 moreren-

314 774 376 831 tur.
420 766 575 831 Ceterum
592 767 625 827 in
650 762 757 827 oculis
773 763 966 844 exemplum
981 770 1055 826 erat
1068 761 1114 840 Q.
1128 762 1256 826 Fabius
1270 763 1323 827 Μ.
1339 763 1414 828 Vn·

314 866 397 931 ierio
422 868 543 948 legato,
566 868 624 948 qui
651 865 775 929 castris
800 871 960 946 praeerat,
984 882 1026 925 ne
1046 883 1148 947 qoam
1171 864 1240 928 vim
1259 864 1414 929 hostium

315 968 434 1049 magis,
450 988 549 1051 quam
574 972 701 1030 trucem
723 964 902 1029 dictatoris
915 964 1011 1041 irum,
1027 966 1166 1029 timeret.
1212 965 1331 1049 itaque
1344 966 1416 1031 t'ru·

315 1076 517 1133 mactatores
531 1087 617 1144 cum,
643 1066 859 1130 circumuenti
873 1085 919 1129 ex
933 1067 1081 1143 insidiis,
1096 1068 1179 1145 caesi
1193 1066 1272 1132 ioco
1290 1067 1416 1151 iniquo

314 1178 446 1249 essent3
468 1170 626 1234 creditum
642 1168 743 1250 vulgo
759 1175 820 1245 est,
835 1169 1006 1233 subreniri
1026 1168 1079 1233 eis
1102 1170 1148 1233 uh
1171 1168 1284 1249 iegato
1309 1174 1415 1252 potu-

315 1270 397 1348 isse,
411 1266 447 1333 n'i
460 1272 572 1335 tristia
584 1270 696 1337 edicta
709 1268 951 1333 exhorruisset.
997 1268 1048 1333 Ea
1061 1288 1198 1353 quoque
1213 1272 1264 1333 ira
1278 1270 1415 1335 ahena·

314 1372 362 1434 vit
388 1390 410 1435 a
433 1371 600 1435 dictatore
623 1371 764 1435 militnm
792 1370 934 1447 animos,
952 1370 1026 1452 janu
1047 1379 1125 1435 ante
1140 1371 1416 1454 infensus,quod

313 1472 537 1554 implacabilis
548 1471 595 1549 Q.
610 1472 719 1535 Fabio
733 1472 869 1548 suisset,
884 1479 930 1549 et,
939 1473 1031 1556 quod
1041 1474 1113 1537 snis
1123 1473 1416 1556 precibusnegas-

312 1580 375 1649 set,
391 1573 463 1656 ejus
479 1573 606 1657 populo
622 1572 777 1638 Romano
792 1575 928 1638 reniam
941 1575 1098 1639 dedisset.

355 1674 410 1737 36.
433 1673 622 1757 Postquam
643 1675 796 1752 dictator,
821 1677 1009 1759 proeposito
1031 1678 1067 1739 in
1092 1675 1186 1740 Urbe
1209 1675 1252 1739 L.
1266 1674 1416 1759 Papirio

247 1786 249 1789 ·
314 1774 439 1838 Crasso
464 1776 621 1856 magistro
646 1776 808 1859 equitum,
834 1776 880 1854 Q.
897 1778 1006 1842 Fabio
1021 1777 1125 1841 uetito
1139 1777 1324 1859 quicquam
1347 1796 1414 1861 pro

288 1936 293 1946 ,
313 1874 509 1955 magistratu
539 1878 719 1957 agere‚1tn
743 1885 856 1941 castra
883 1879 1002 1957 rodiit;
1024 1897 1136 1961 neque
1164 1880 1298 1942 civibus
1327 1882 1414 1944 sutis

312 1975 433 2040 laetus¹
456 1977 620 2043 adrentus
642 1978 716 2061 ejus
730 1978 806 2057 fnit,
819 1998 883 2043 nec
906 1979 1063 2044 hostibus
1085 1978 1268 2061 quicquam
1293 1982 1412 2045 uttntit

313 2078 458 2141 terroris.
503 2079 659 2162 Namque
674 2085 806 2162 postero
830 2080 899 2157 die,
921 2098 983 2144 seu
1000 2080 1107 2161 ignari
1121 2081 1255 2143 uenisse
1266 2080 1412 2146 dimio-

312 2198 391 2256 rem,
407 2199 481 2257 sen,
493 2181 629 2245 adesset
644 2200 687 2244 an
702 2182 845 2258 abesset,
860 2182 956 2264 parvi
971 2181 1146 2257 facientes,
1160 2182 1324 2246 instructa
1336 2184 1413 2248 ecio

313 2280 356 2343 ad
373 2288 485 2345 castra
499 2286 721 2346 accesserunt.
765 2280 926 2347 Ceterum
950 2290 1080 2347 tantum
1102 2284 1265 2369 mordenti
1286 2285 1322 2346 in
1342 2304 1410 2349 nno

312 2381 386 2443 viro
404 2381 443 2443 L.
459 2382 597 2464 Papirio
611 2382 687 2460 fuit,
711 2388 759 2462 ut,
784 2385 814 2447 si
828 2384 925 2447 ducis
939 2385 1079 2447 consilia
1091 2384 1189 2447 favor
1207 2386 1410 2451 subsecutus

312 2480 455 2544 militurn
469 2483 565 2558 t'oret,
590 2483 750 2549 debellari
774 2506 817 2549 eo
840 2483 897 2550 die
923 2505 1000 2550 cum
1026 2485 1235 2549 Samnitibus
1246 2488 1411 2569 potuisse,

312 2598 375 2662 pro
390 2579 478 2643 haud
506 2582 609 2647 dubio
632 2585 784 2651 habitum
807 2588 871 2652 sit:
893 2588 942 2653 ita
964 2588 1124 2650 instruxit
1137 2586 1248 2652 aciem
1270 2588 1349 2653 ioco
1369 2608 1411 2655 ac

312 2679 500 2757 subsidiis:
521 2683 571 2747 its
593 2687 682 2748 omni
707 2696 815 2751 arte¹⁸
836 2689 960 2752 beitica
983 2687 1138 2753 firmarit.
1181 2688 1364 2753 Cessatum
1388 2707 1411 2754 a

313 2780 430 2857 milite,
446 2800 486 2847 ac
502 2783 544 2849 de
558 2786 734 2867 industria,
748 2799 783 2853 ut
800 2792 1039 2855 obtrectaretur
1052 2789 1209 2854 laudibus
1224 2789 1336 2867 ducis,
1348 2790 1411 2854 im·

314 2880 430 2961 pedita
459 2884 600 2949 victoria
627 2896 688 2951 est.
745 2889 865 2953 Plures
889 2890 1083 2954 Samnitium
1109 2888 1277 2954 cecidere:
1297 2890 1410 2971 plures

315 2978 462 3045 Romani
477 2982 641 3050 vulnerati
654 2996 740 3053 sunt.
786 2990 900 3055 Sensit
915 2993 1039 3072 peritus
1050 2989 1131 3068 dux,
1145 3009 1220 3072 quae
1235 3009 1293 3053 res
1304 2992 1410 3055 victo-

314 3083 372 3147 riae
386 3084 557 3150 obstaret:
580 3089 828 3170 temperandum
852 3091 1020 3171 ingenium
1037 3108 1133 3154 sunm
1149 3108 1236 3167 esse,
1259 3096 1293 3155 et
1314 3110 1409 3157 sere-

765 3258 949 3281 OOWNON

315 3364 382 3413 eninr
396 3366 427 3421 Q.
439 3366 527 3417 fatta’
542 3368 694 3433 Sigon-lt
713 3370 791 3421 Voss.
802 3374 869 3423 niter
880 3382 907 3425 et
918 3376 1017 3424 Mureti
1028 3374 1095 3424 iiber
1105 3376 1248 3426 recessisse.

806 3518 913 3571 NOTAE

346 3628 356 3662 ³
384 3621 514 3684 Quicquam
530 3640 574 3688 pru
593 3630 737 3689 meginratus
756 3633 840 3696 spere]
880 3634 1057 3684 nonturcires
1076 3633 1209 3683 hostibus:
1225 3634 1297 3685 unde
1315 3636 1409 3686 civim

314 3696 441 3759 Magister
457 3698 559 3762 qrridem
577 3705 690 3768 equitum
707 3707 775 3755 iuter
787 3723 840 3758 rnu-
880 3708 983 3758 nomine
1002 3716 1113 3772 sppsret
1131 3709 1241 3773 intelligi
1254 3710 1348 3761 miiites
1359 3712 1411 3761 nc-

314 3773 453 3836 gistratue:
471 3776 516 3823 sed
529 3791 545 3826 s
560 3776 695 3828 dictatoris
707 3792 771 3831 nutu
784 3782 841 3834 t‘ere
881 3798 980 3835 manos.
1012 3784 1108 3848 Agitur
1118 3784 1185 3855 enim
1197 3784 1230 3833 de
1246 3788 1365 3837 exercitu
1375 3786 1410 3837 sd

313 3848 453 3911 pendebat.
486 3850 523 3899 Ut
539 3850 572 3900 sb
591 3866 622 3901 eo
640 3854 785 3913 dicebatur,
803 3860 842 3908 sic
880 3875 956 3925 quem
967 3860 1045 3909 rediit
1057 3860 1177 3909 dictstor.

312 3925 345 3973 ab
365 3940 397 3974 eo
416 3926 531 3977 abdicari
547 3928 581 3977 oh
603 3930 716 3996 cuipam,
732 3932 842 3984 destitui
913 3942 926 3970 ⁸
940 3935 1002 3985 Ius
1012 3934 1174 3998 usmhsidiis]
1189 3936 1303 3987 Detecto
1314 3952 1409 4002 nempe

312 4000 363 4069 alio
388 4003 535 4066 substituto,
557 4005 614 4056 urbi
642 4010 720 4059 etium
742 4010 842 4075 prsetiei
880 4012 937 4062 loco
956 4012 1009 4061 suis
1031 3998 1176 4072 commodo,
1196 4011 1308 4063 adverso
1328 4012 1409 4062 hosti·

312 4076 438 4137 potuisse,
458 4086 486 4127 et
503 4079 633 4141 prohiberi
651 4096 684 4134 ue
706 4085 732 4133 iu
754 4095 840 4138 castra
880 4086 992 4137 hustet
1013 4088 1140 4151 prioribus
1158 4086 1302 4150 sgmiuihus
1321 4086 1410 4139 addite

315 4150 531 4215 proficisceretur,
541 4154 600 4206 hinc
611 4160 726 4223 colliges.
878 4161 1032 4214 subsidiaria
1042 4162 1126 4215 milite
1136 4158 1253 4212 &mstis-

345 4232 355 4257 ¹
371 4226 453 4291 Neque
470 4226 560 4278 deibus
578 4234 637 4282 sutis
651 4235 729 4298 tutus]
747 4236 837 4302 Oppo-
