3150 4942
588 452 662 499 urs.
686 452 725 499 x.
750 451 834 501 cnr.
858 437 911 500 43.
1207 440 1294 508 1379

201 612 266 676 que
280 599 491 659 controverso
506 595 683 679 auspicio⁰
705 595 857 659 revocari
880 614 903 659 u
925 594 1046 677 prelio
1059 597 1189 679 potnit3
1211 601 1295 665 etin

199 696 277 776 ipso
291 694 492 772 discrimino,
513 714 581 777 qno
596 694 720 779 templu
734 694 812 759 Diis
825 693 1072 759 immortalibus
1086 699 1205 763 roveri
1218 719 1293 766 mos

199 799 279 870 erat,
295 801 433 860 voverat
456 793 538 861 Jori
562 794 707 873 Victori,
731 795 761 859 si
787 795 938 877 legiones
966 796 1112 861 bostium
1139 798 1293 875 fudisset,

199 894 360 977 pocillum
373 892 400 933 ¹⁶
422 891 543 959 mulsid
567 896 673 977 prins,
688 912 790 977 quum
805 901 963 960 temetum
982 896 1122 974 biberet,
1133 916 1209 963 sese
1222 898 1294 965 iuc-

199 1001 320 1060 turum.
364 993 532 1061 Idrotnm
548 996 626 1061 Diis
649 995 744 1061 cordi
767 995 850 1061 init:
874 1002 909 1060 et
932 998 1090 1081 euspicio
1111 999 1147 1063 in
1169 1001 1293 1065 honum

198 1102 373 1162 verterunt.

240 1198 293 1261 43.
316 1196 443 1262 Eadem
458 1197 593 1262 fortuna
607 1198 651 1261 ab
667 1198 772 1262 nitere
787 1199 985 1283 consuieed
996 1197 1189 1263 Geminium
1200 1206 1295 1283 gestu

197 1316 260 1361 res.
313 1296 427 1362 Prima
451 1298 540 1376 lnce,
573 1298 616 1363 ud
646 1299 772 1364 moenia
798 1300 956 1364 omnibus
986 1300 1099 1383 copiis
1135 1301 1293 1379 admotis,

197 1416 321 1462 corone
340 1398 448 1462 cinxit
471 1400 601 1479 urbem3
627 1399 845 1485 subsidisque
867 1402 976 1478 tirmu,
1000 1421 1044 1465 ne
1069 1420 1139 1484 quo
1161 1404 1293 1485 eruptio

198 1497 303 1575 tieret,
326 1499 437 1581 portis
460 1502 630 1583 opposuit.
674 1500 753 1565 inm
770 1503 902 1584 signnm
915 1501 1049 1567 dentem
1063 1521 1140 1566 eum
1155 1503 1293 1569 nuntius

198 1598 361 1681 ecollegu
375 1600 524 1683 trepidus
536 1602 579 1667 de
593 1602 709 1684 viginti
730 1602 920 1668 cohortium
935 1600 1079 1668 udrentu
1103 1611 1141 1667 et
1164 1604 1208 1667 eb
1232 1603 1293 1667 im-

197 1707 276 1782 petu
291 1708 442 1765 ruoretns
453 1708 515 1779 est,
540 1708 575 1767 et
600 1710 724 1785 purtem
736 1706 909 1788 copiarum
924 1722 1083 1769 revocure
1097 1704 1294 1767 instructum

196 1800 422 1885 intentumque
436 1801 480 1866 ad
492 1802 754 1885 oppugnandum
764 1802 885 1885 cobgit.
930 1803 974 1866 D.
985 1803 1127 1867 Brutum
1138 1802 1293 1869 Scaerem

196 1901 344 1981 legatum
365 1920 440 1965 cum
455 1902 586 1983 legione
610 1903 718 1985 prime
731 1910 766 1966 ct
787 1902 903 1966 decem
925 1901 1118 1967 cohortibus
1140 1903 1255 1969 cluriis
1267 1910 1293 1952 ¹⁷

197 2002 435 2085 equitatuque·
455 2003 503 2066 ire
517 1985 678 2067 udiersns
700 2001 892 2066 subsidium
911 2001 1054 2065 bostium
1065 2001 1187 2085 jussit:
1209 2020 1294 2085 quo·

197 2122 343 2187 cumque
370 2103 405 2167 in
431 2104 509 2168 lucc
535 2103 655 2169 fuisset
669 2099 813 2180 obrius,‘
832 2102 1013 2167 obsisteret
1038 2108 1293 2184 ecmorcretnr3
1402 2107 1408 2118 ’

196 2222 409 2288 manumque,
424 2206 455 2268 si
468 2203 553 2269 sorte
566 2205 613 2270 itu
628 2224 681 2269 res
696 2209 860 2287 posceret,
874 2204 1053 2269 conterret:
1076 2203 1232 2268 modone
1247 2205 1293 2269 ed

197 2305 388 2370 Cominium
402 2325 453 2370 ete
468 2306 579 2389 copiae
592 2306 763 2369 admoveri
779 2312 933 2388 possent.
977 2304 1059 2387 lpse
1079 2304 1193 2367 seclus
1216 2304 1294 2368 terri

197 2406 240 2470 ed
256 2424 367 2469 muros
382 2406 426 2475 ub
440 2406 529 2470 omni
544 2410 640 2489 parte
654 2405 747 2469 urbis
756 2405 872 2489 jussit,
883 2422 925 2469 uc
936 2404 1107 2469 testudine
1120 2401 1163 2468 nd
1178 2414 1293 2487 portus

197 2506 372 2571 successit.
415 2506 524 2571 Simul
548 2512 581 2571 et
604 2506 866 2588 refringebantur
891 2513 1012 2590 portu,
1032 2511 1068 2569 ct
1081 2504 1134 2569 vis
1148 2504 1294 2587 undique

197 2609 230 2671 in
246 2625 356 2670 muros
371 2606 481 2671 fiebat.
525 2607 704 2684 Samnites,
720 2609 820 2685 sicut,
839 2612 1019 2691 antequem
1033 2606 1069 2668 iu
1082 2605 1185 2670 muris
1199 2603 1293 2669 vide·

198 2714 268 2773 rent
282 2713 437 2784 armatos,
453 2709 537 2773 setis
560 2709 662 2773 enimi
686 2708 873 2775 habuerunt
890 2708 934 2772 ud
958 2704 1180 2789 prohibendos
1202 2704 1294 2769 urhis

199 2807 290 2872 aditu
316 2806 452 2887 hostes;
475 2808 535 2884 ite,
559 2813 739 2889 postquam
763 2807 837 2889 jem
866 2824 932 2868 nou
957 2824 1002 2867 ex
1026 2802 1203 2866 intervallo
1230 2820 1292 2867 uec

197 2908 394 2984 missilibus,
413 2907 473 2972 sed
488 2908 640 2972 comiuns
656 2908 833 2990 gerebatur
846 2924 912 2981 res,
922 2910 968 2981 et,
983 2903 1044 2986 qui
1059 2920 1145 2984 tegre
1160 2920 1293 2966 sncces-

229 3080 239 3105 ·
257 3072 294 3121 Ob
305 3072 434 3137 euspicium
444 3072 548 3122 dubium.

198 3268 247 3321 tut,
257 3262 380 3339 primm
396 3264 455 3316 irc.
465 3265 646 3316 Gronov-iu
662 3265 739 3328 Couj.
751 3265 863 3327 Rupert.
876 3262 969 3327 positis

232 3521 378 3571 *Pettius
395 3518 478 3583 mehr]
500 3520 571 3571 Alius
590 3521 724 3584 purnium
763 3518 810 3568 riis
836 3516 965 3581 [duim]
991 3513 1156 3579 musque]
1181 3515 1294 3567 Quidum

198 3598 277 3661 nutri,
288 3596 380 3647 eodem
392 3610 479 3645 seusu.
511 3595 581 3647 uuit
598 3596 666 3645 enim
678 3596 721 3644 rii·
763 3588 1293 3653 hubent.etdecsrrecirrtiburnisriir,rqut·

199 3671 724 3737 udpusillumqurmerlguumpoculum?
764 3672 870 3730 tutequ-
902 3666 938 3715 Et
947 3678 1010 3714 seue
1025 3665 1202 3714 niwii'l'sdto
1221 3678 1292 3728 rape

197 3748 320 3799 Setinum
333 3744 649 3810 potiurpecr'ilefurtrrrurrr,
663 3759 724 3809 sup·
763 3741 952 3805 dicuutur,qui
971 3740 1034 3790 situi
1044 3740 1130 3789 «tam.
1163 3738 1292 3788 illucen-

199 3821 395 3888 plenarius·
409 3821 507 3871 Victori.
766 3825 818 3870 tem
839 3823 951 3883 spueret
968 3818 1088 3867 cohorter
1115 3816 1199 3864 riores
1219 3814 1292 3879 pedi-

231 3898 346 3949 i’oriiium
356 3895 438 3958 uuio]
453 3896 671 3948 Jcculrreroturu
683 3898 726 3947 ho·
767 3903 821 3944 turn
839 3894 928 3955 inisse,
946 3891 1061 3954 nihilque
1076 3888 1119 3938 hic
1129 3889 1232 3952 quidem
1248 3890 1293 3938 hu·

198 3974 284 4035 ruinis,
304 3973 379 4037 cujus
402 3972 499 4021 ruinius
518 3972 585 4021 inrui
603 3973 726 4035 religione
767 3970 829 4019 bere
839 3982 899 4017 cnm
911 3965 1030 4029 equitatu
1046 3977 1191 4020 commune,
1202 3964 1247 4029 qui
1258 3963 1293 4013 sb

199 4050 359 4115 prepeditus
368 4046 447 4097 tuisse
458 4062 509 4097 uon
519 4048 629 4097 ridetur.
651 4048 727 4096 Atte-
766 4044 819 4094 illis
830 4042 966 4107 perspicus
977 4038 1152 4101 distinguitur.

199 4138 258 4174 men
278 4126 367 4174 Livius
395 4124 442 4174 boc
469 4124 495 4172 lu
517 4124 611 4171 serium
639 4120 725 4170 restit.
799 4116 810 4152 l
823 4118 918 4168 Fuisset
927 4114 1020 4178 miss]
1035 4114 1134 4163 Brutus
1144 4112 1293 4165 scilicetie·

199 4198 267 4247 vide
279 4200 396 4249 sicit.
412 4198 440 4249 J.
452 4198 566 4247 ctericus.
765 4201 841 4257 gutur
859 4191 1009 4243 cohortibus
1033 4189 1186 4242 samnitium
1203 4189 1294 4260 rdrer·

230 4280 243 4327 ,θ
260 4272 292 4321 Ei
303 4275 381 4321 decem
398 4270 510 4336 [uiginti]
526 4268 659 4325 cohortibus
675 4270 724 4319 niu·
763 4285 807 4321 sur
819 4266 1060 4341 curriliumflurisrir.
