3150 4942
562 411 634 463 nte.
658 410 739 462 rrrr.
762 414 846 463 cnr.
868 399 901 461 5.
1188 400 1273 466 1111

181 554 595 639 metus'dicere'probibet
618 575 660 619 en
683 576 748 638 ego
769 556 856 640 ipsc,
878 556 1033 621 audiente
1055 577 1122 621 uon
1143 560 1273 642 populo

182 655 339 720 Romano
354 654 456 719 modo
476 646 670 737 senatuque,
696 656 757 720 sed
772 656 861 721 Jove
880 658 969 739 ipso,
984 659 1044 741 qni
1065 658 1274 742 Capitolium

180 757 310 831 incolit,
334 756 492 839 profiteor
505 776 558 820 ure
579 757 763 837 dicturum3
786 765 835 834 ut,
851 759 1006 821 sinesin
1022 758 1146 824 foedere
1161 780 1203 824 ac
1219 781 1273 825 so-

181 858 301 921 cietate
315 876 391 920 esse
406 858 518 929 velint,
532 857 703 920 consulem
720 856 860 919 alterum
882 858 926 919 ab
946 857 1045 920 nobis
1066 866 1273 943 senatusque

179 964 306 1039 partem
322 955 518 1038 accipiant!
560 955 649 1020 Haec
664 955 818 1020 ferociter
829 975 894 1017 non
910 957 1063 1021 suadenti
1077 958 1198 1037 solum,
1213 959 1274 1023 sed

180 1056 362 1139 pollicenti,
377 1058 522 1121 clamore
538 1066 573 1121 ct
588 1076 725 1121 assensu
739 1069 854 1120 omnes
865 1058 1093 1138 permiserunt,
1107 1064 1145 1122 ut
1159 1068 1273 1140 ageret

180 1157 381 1241 diceretque,
404 1178 480 1241 quie
503 1158 735 1243 erepublica
758 1158 901 1221 nominis
919 1156 1032 1221 Latini
1052 1158 1188 1243 fideque
1211 1179 1274 1224 sna

180 1257 382 1323 viderentur.

220 1360 254 1423 5.
277 1357 345 1424 Ubi
367 1366 419 1426 est
444 1360 588 1426 Rumam
614 1368 763 1439 ventum,
786 1364 820 1425 in
845 1360 1018 1445 Capitolio
1038 1361 1111 1425 eis¹
1138 1366 1274 1427 senatus

178 1458 280 1525 datus
295 1468 357 1525 est.
403 1460 458 1525 lbi
472 1481 547 1526 cum
561 1461 602 1525 Τ.
618 1462 767 1526 Manlius
789 1461 909 1526 consul
930 1463 1054 1544 egisset
1074 1481 1151 1527 cnm
1164 1463 1217 1527 eis
1228 1480 1273 1527 ex

179 1564 378 1628 anctoritate
394 1564 546 1641 Petrum,
559 1584 598 1627 ne
613 1564 821 1629 Samnitibus
835 1564 1012 1628 foederatis
1034 1565 1157 1629 bellum
1176 1566 1273 1629 inser·

178 1670 270 1744 rent;
303 1664 444 1742 Annius,
470 1672 626 1747 tauquam
646 1667 752 1729 victor
774 1666 876 1729 armis
898 1665 1098 1747 Capitolium
1114 1666 1274 1749 cepisset,

178 1785 244 1830 non
258 1766 401 1850 legatus,
412 1767 488 1848 jore
502 1769 645 1846 gentium
661 1772 760 1844 tutus,
773 1767 972 1851 loqueretur,
987 1765 1159 1849 ‘Tempus
1178 1763 1274 1842 eiat,'

178 1866 296 1948 inquit,
318 1865 382 1929 ‘T.
406 1864 526 1941 Manli,
542 1884 684 1948 vosque,
700 1865 821 1930 Patres
844 1866 1037 1948 conscripti,
1052 1866 1186 1931 taudem
1199 1868 1273 1949 jam

178 1984 239 2031 vos
253 1967 428 2030 nobiscum
442 1966 523 2029 nihil
541 1985 601 2047 pro
622 1966 763 2048 imperio
785 1984 894 2047 agere,
910 1985 985 2029 curu
1005 1966 1273 2030 florentissimum

178 2066 290 2131 Duum
305 2067 506 2149 benignitate
522 2084 607 2129 nunc
626 2068 760 2130 Latium
776 2068 877 2129 armis
891 2066 1051 2150 virisque,
1065 2066 1272 2131 Samnitibus

177 2167 267 2231 bello
297 2168 407 2242 victis,
431 2167 590 2231 Sidicinis
625 2166 878 2248 Campanisque
910 2167 1026 2242 sociis,
1055 2184 1143 2229 nuuc
1172 2167 1274 2230 etiam

177 2265 319 2333 Volscis
332 2269 510 2353 adjunctis
524 2266 699 2345 videretis3
722 2268 874 2331 colonias
888 2286 1023 2354 quoquc
1037 2270 1168 2330 vestras
1182 2265 1275 2349 Luti-

177 2388 258 2433 num
287 2368 442 2433 Romano
469 2368 665 2450 praetulisse
688 2368 873 2450 imperium.
917 2367 987 2431 Sed
1015 2367 1174 2449 quoniam
1200 2384 1273 2444 vos,

177 2488 279 2551 regno
300 2470 474 2553 impotenti
496 2467 598 2531 finem
618 2475 658 2530 nt
679 2468 873 2550 imponatis,
887 2486 953 2530 non
974 2466 1133 2530 inducitis
1147 2467 1181 2529 in
1202 2466 1275 2529 aui·

177 2590 289 2651 mnm3
310 2590 384 2647 nos,
399 2588 593 2651 quanquam
615 2570 717 2631 armis
737 2586 916 2651 possumus
929 2585 1077 2631 asserere
1091 2566 1227 2649 Latium
1239 2566 1273 2630 in

176 2676 376 2751 libertatern,
392 2674 670 2755 consanguinitati
697 2680 807 2737 tamen
833 2664 898 2736 hoc
921 2672 1087 2749 dabimus,
1102 2678 1141 2735 nt
1157 2671 1272 2736 condi-

177 2779 288 2842 tiones
302 2777 400 2860 pacis
413 2776 555 2839 feramns
570 2792 686 2857 aequas
708 2774 875 2855 utrisque,
890 2772 1048 2856 quoniam
1064 2772 1172 2834 vires·
1188 2790 1274 2855 qno-

177 2897 241 2962 que
257 2877 382 2961 requari
393 2876 471 2939 Diis
494 2874 731 2939 immortalibus
745 2862 886 2955 placuit.
931 2872 1112 2936 Consulem
1134 2872 1274 2935 alterum

178 2978 314 3055 Roma,³
331 2978 470 3042 alterum
487 2996 531 3040 aa
551 2974 654 3039 Latio
675 2973 781 3037 creari
805 2977 956 3055 oportet:
990 2979 1124 3036 senams
1146 2977 1274 3052 partem

178 3098 311 3164 aequam
324 3098 369 3142 ex
382 3084 525 3159 utraque
540 3081 636 3157 gente
651 3093 746 3138 esse:
777 3092 880 3137 unum
894 3072 1065 3154 populum,
1081 3088 1183 3134 unam
1203 3089 1275 3133 rom

177 3180 346 3263 publicam
372 3177 459 3241 lieri:
493 3182 539 3247 ct,
561 3182 600 3239 ut
620 3173 751 3257 imerii
775 3172 894 3236 eadem
920 3172 1017 3235 sedes
1039 3172 1095 3246 sit,
1120 3169 1275 3254 idemque

177 3280 336 3345 omnibus
359 3295 489 3353 nomen,
511 3276 670 3357 quoniam
695 3274 738 3337 ab
761 3273 921 3337 alterutra
940 3276 1034 3354 parte
1057 3270 1194 3335 concedi
1219 3290 1275 3335 ne·

178 3400 276 3445 cesse
298 3386 361 3457 est,
382 3376 474 3462 quod
500 3376 652 3458 utrisque
673 3376 760 3437 bene
774 3377 894 3447 vertat,
915 3372 960 3435 sit
973 3371 1046 3437 haec
1061 3389 1142 3434 sane
1164 3370 1275 3451 patria

178 3482 299 3565 potior,
321 3486 356 3544 et
380 3477 523 3543 Rotnani
547 3494 664 3539 omnes
686 3471 866 3537 vocemur!
908 3470 1010 3534 Forte
1023 3472 1073 3535 ita
1087 3468 1221 3547 accidit,
1237 3476 1275 3534 ut

177 3600 292 3665 parem
320 3579 455 3644 ferociae
484 3578 581 3660 hujus
603 3582 637 3639 et
662 3574 810 3639 Romani
840 3571 1014 3635 consulem
1041 3570 1083 3637 T.
1109 3570 1274 3635 Manlium

177 3683 353 3761 haberent3
384 3679 443 3764 qui
465 3676 552 3742 adeo
570 3696 638 3739 non
659 3673 768 3738 tenuit
786 3672 883 3749 iram,
896 3676 944 3748 nt,
959 3672 990 3735 si
1004 3676 1095 3735 nuta
1108 3669 1275 3735 dementia

179 3783 300 3849 Patres
314 3782 522 3862 conscriptos
538 3777 693 3860 cepisset,
708 3781 747 3838 ut
767 3775 810 3837 ab
826 3771 941 3837 Setino
962 3773 1095 3836 homine
1109 3772 1205 3852 leges
1217 3788 1274 3833 ec·

179 3885 340 3968 ciperent,
368 3882 482 3966 gladio
511 3880 656 3944 cinctum
684 3878 894 3941 incenatum
924 3878 1093 3938 venturum
1120 3888 1158 3933 sc
1187 3888 1275 3949 esse,

179 3986 296 4070 palam
309 3984 448 4062 diceret,
469 3988 511 4059 et,
533 3995 776 4065 quemcumque
790 3976 825 4037 in
843 3974 937 4038 curia
953 3973 1107 4037 Labuum
1120 3967 1275 4048 vidisset,

216 4256 229 4300 l
250 4251 282 4301 lii
292 4250 406 4303 Gronov.
424 4249 580 4313 noejus-¹
595 4246 657 4297 vet.
668 4242 713 4294 lib.
723 4238 794 4307 apud
805 4237 894 4304 Sigon.
904 4231 1127 4300 pentoma-r
1144 4228 1275 4283 ‘Videtur
