3150 4942
591 418 663 472 trs.
688 419 753 470 vrr.
776 421 859 472 car.
880 404 914 470 3.
1217 406 1304 475 msa

210 580 330 638 rerum,
345 561 497 628 ludorum
511 581 646 646 quoqne
660 565 768 646 prima
793 567 885 647 origo
906 565 1060 647 ponenda
1081 566 1156 631 visa
1178 575 1244 644 est,
1267 575 1303 633 nt
1324 640 1337 656 ,

212 670 396 748 appareret,
411 683 510 746 qnam
526 665 569 726 ab
585 683 667 728 sano
694 665 792 729 initio
812 686 868 730 res
892 668 928 730 in
951 667 1034 731 banc
1059 669 1118 732 vix
1139 669 1304 750 opulentis

214 764 322 847 regnis
338 765 548 828 tolerabilem
562 765 727 830 insaniam
744 769 881 832 venerit.

255 863 289 927 3.
305 863 381 928 Nec
392 871 502 928 tamen
514 863 668 928 ludorum
686 867 827 947 primum
841 868 983 944 initium,
996 870 1214 950 procurandis
1229 869 1305 935 reli·

215 965 368 1046 gionibns
377 965 505 1042 datum,
514 970 573 1030 aut
584 967 740 1048 religione
752 968 895 1044 animos,
907 979 965 1033 aut
975 989 1115 1052 corpora
1126 972 1250 1036 morbis
1260 974 1305 1037 le-

213 1067 318 1131 vavit.
342 1064 435 1143 Quin
449 1069 648 1145 etiamnum
658 1068 790 1132 medios
804 1069 995 1134 sorteludos
1004 1071 1236 1137 circus'liberi
1249 1093 1309 1153 su·¹

214 1163 529 1249 perfuso'irrigatus
541 1167 746 1251 impedisset,
756 1167 788 1232 id
803 1189 894 1249 vero,
905 1173 1133 1236 volutaversis
1141 1173 1212 1255 jam
1225 1175 1303 1238 Diis

213 1269 536 1350 aspernantibusque
550 1270 737 1352 placamina
760 1273 830 1348 irae,
850 1279 1005 1337 terrorem
1027 1274 1190 1353 ingentem
1212 1275 1303 1340 iecit.

214 1366 337 1450 Itaque
350 1367 409 1433 Cu.
422 1369 590 1446 Genucio,
607 1370 645 1433 L.
659 1371 798 1435 AEmilio
808 1371 1015 1437 Mamercino
1026 1375 1210 1438 secondum
1226 1394 1307 1439 con-

215 1470 370 1546 sulibus:
385 1489 461 1534 cum
478 1471 688 1552 piaculorum
704 1473 811 1552 magis
826 1473 1029 1554 conquisitio
1043 1475 1187 1552 animos,
1203 1494 1306 1560 quam

216 1588 356 1653 corpora
369 1572 488 1647 morbi,
504 1571 697 1648 afficerent!
716 1575 890 1656 repetitum
906 1593 950 1636 ex
965 1575 1133 1638 seniorum
1146 1577 1307 1641 memoria

213 1657 347 1747 dicitnr,
360 1672 584 1754 pestilentiam
597 1673 765 1756 quondam
781 1675 879 1739 clavo
895 1677 939 1738 ab
950 1675 1113 1740 dictatore
1126 1675 1195 1740 rixo
1209 1678 1308 1742 seda-

177 1763 180 1768 ’
215 1779 295 1836 tam.
311 1771 363 1834 Ea
374 1772 534 1853 religione
544 1773 709 1838 adductus
721 1780 857 1839 senatus
867 1774 1064 1839 dictatorem
1077 1773 1304 1858 clarifigendi¹

215 1891 319 1936 curma
335 1873 400 1936 diei
413 1873 527 1955 jussit.
565 1873 689 1938 Dictus
704 1875 743 1938 L.
755 1875 907 1940 Manlius
923 1875 1138 1960 Imperiosus,
1154 1878 1193 1941 L.
1207 1877 1309 1942 Pina·

213 1972 297 2036 rium
323 1975 515 2054 magistrum
538 1977 685 2056 equitnm
711 1977 807 2040 dixit.
851 1977 924 2040 Lex
945 1983 1079 2041 vetusta
1101 1985 1164 2054 ert,
1183 1980 1306 2061 priscis

214 2073 319 2137 literis
333 2075 508 2158 verbisque
525 2079 665 2160 scripta,
679 2084 730 2150 ut,
753 2077 812 2160 qni
837 2084 960 2160 praetor
981 2080 1150 2140 maximus
1166 2079 1221 2156 sit,
1237 2078 1308 2143 ldi-

216 2175 280 2237 bns
305 2175 552 2268 Septembribus
577 2177 708 2240 olavum
742 2182 873 2259 pangat·
927 2177 1049 2240 Fixa¹³
1072 2177 1167 2241 suitm
1191 2178 1309 2244 dextro

215 2275 313 2338 lateri
337 2275 420 2339 aedis
435 2275 535 2340 Jovis
559 2279 676 2360 optimi
692 2279 843 2354 maximi,
857 2298 900 2341 ex
914 2297 982 2361 qua
996 2287 1093 2361 parte
1103 2285 1130 2325 ¹⁴
1146 2277 1310 2344 Minervae

216 2375 374 2458 ternplum
390 2384 454 2440 ost.
488 2377 573 2442 Eum
588 2381 733 2456 clavum,
750 2381 832 2463 quia
846 2397 929 2442 rarae
943 2399 1003 2461 per
1015 2399 1057 2443 ea
1072 2386 1221 2461 tempora
1236 2380 1311 2445 lite-

217 2494 263 2540 rae
277 2484 384 2554 erant,
397 2484 511 2542 nomm
531 2482 656 2544 numeri
678 2488 863 2545 armorum¹¹
882 2482 988 2544 luisse
1013 2479 1139 2559 serunt3
1161 2500 1272 2562 eoque
1285 2490 1310 2530 ¹⁵
1370 2516 1372 2519 ·

219 2701 222 2706 ,
244 2652 262 2694 Ι
276 2655 336 2704 cna
344 2655 560 2706 materiamina
570 2657 649 2718 magis
658 2657 793 2706 tobomreru
806 2656 1006 2720 ημηιίείωιιίιι
1015 2657 1187 2719 ἰιικιιίςωίι
1195 2656 1312 2719 expiatu·

217 2717 293 2776 aibas,
304 2733 372 2781 qum
383 2733 479 2782 corpora
488 2720 647 2770 nemausa
657 2721 840 2785 afflictabantur.

252 2949 282 2994 18
301 2945 377 2996 Fixus
388 2946 503 2995 Gronov.
515 2946 623 3008 Donjat.
642 2944 825 2996 Oresten-lt
844 2947 880 2994 iia
896 2960 928 2995 ex
945 2951 1013 3008 para
1031 2961 1077 3009 prro
1093 2944 1140 2994 iid.
1171 2915 1233 2994 vid.
1248 2945 1313 2998 Not.

711 3091 819 3142 Nom

252 3185 600 3250 icimlideriropmsmo]
626 3186 745 3248 Hooigi·
787 3209 790 3214 ι
817 3194 836 3220 ¹
854 3187 916 3236 rar
929 3183 1313 3249 [Fixrs]frrit]veterer,terte

222 3270 264 3310 tur
281 3262 363 3318 initio,
384 3276 441 3310 eum
458 3262 570 3311 noudum
585 3267 745 3311 exstructum
786 3263 867 3312 Gron.
882 3263 947 3310 Fixa
956 3261 1020 3322 seit,
1031 3269 1060 3308 nt
1074 3260 1107 3308 ad
1122 3261 1206 3324 legem
1217 3259 1314 3309 resera·

220 3345 290 3388 esset
301 3339 440 3398 theatrum,
451 3337 503 3386 indi
520 3337 616 3387 scenici
632 3337 659 3386 iu
676 3337 746 3386 circo
787 3344 839 3387 tar.
866 3336 932 3384 Nero
944 3336 966 3383 si
977 3336 1009 3384 ad
1021 3337 1121 3384 clarum
1134 3335 1242 3390 referas,
1250 3336 1315 3400 scrip

219 3414 346 3464 celebrari
356 3421 499 3477 creparent.
530 3413 690 3464 Quinetiam
700 3411 746 3462 din
787 3411 900 3462 bendum
919 3412 1079 3474 pertuterit
1098 3412 1315 3476 Miuanoetmpio

221 3489 364 3552 promiscue
376 3503 407 3537 sc
418 3496 516 3537 stanter
528 3495 690 3552 spectarunt.
786 3486 892 3536 auum
899 3489 960 3548 lege,
968 3487 1223 3547 mdimtentegerrr:
1234 3500 1314 3549 quan·

253 3565 268 3596 ³
285 3566 317 3614 A.
328 3567 361 3615 U.
373 3567 403 3616 C.
414 3569 472 3614 ³9⁰·
787 3577 863 3627 quam
874 3564 950 3623 bem
961 3562 1038 3611 diceri
1053 3563 1136 3610 minus
1154 3562 1260 3624 proprie
1276 3561 1315 3610 di·

218 3649 220 3652 '
255 3640 426 3691 ¹Dietrrtorerrr
445 3641 507 3690 risui
516 3637 624 3704 figendi]
650 3637 746 3702 llans·
787 3639 863 3687 citur.
896 3639 972 3690 Quod
992 3639 1058 3687 enirn
1071 3636 1219 3686 Gronovius
1238 3634 1315 3686 affert

221 3732 251 3766 oe
267 3719 344 3766 moris
364 3717 488 3766 rationem
509 3714 612 3778 quidem
630 3713 747 3763 iudicare
788 3729 821 3763 ex
840 3716 911 3765 Suet.
933 3715 1065 3763 Tiberium
1084 3712 1148 3761 satis
1165 3711 1315 3760 indecoram

141 3789 145 3796 “
221 3790 344 3842 difficile:
367 3799 393 3840 at
414 3791 540 3852 originem
563 3790 600 3837 ric
622 3787 748 3838 describit
788 3790 919 3839 Parrhasii
931 3790 1098 3838 tabularu‘in
1110 3786 1231 3836 eubiculo
1242 3785 1315 3834 dedi·

222 3868 334 3927 Auctor,
346 3873 374 3917 ut
391 3867 563 3930 interpretem
580 3865 747 3914 condeside·
788 3865 879 3926 eme?
894 3866 952 3929 quis
971 3863 1109 3912 conridet
1126 3860 1216 3909 odiose
1235 3861 1315 3922 magis

174 3939 180 3952 ¹
224 3950 280 3992 retr
298 3941 363 3990 duas
380 3935 747 3990 sffertrausarclrviiuoedi-
788 3955 866 4004 qaam
885 3954 919 3988 ex
937 3938 1060 3987 aerumnis
1080 3937 1242 3998 proprietate
1261 3937 1316 3987 dic·

221 4018 268 4067 bur
279 4017 358 4066 saeris
371 4015 518 4078 pangendi3
536 4015 652 4068 alteram,
664 4021 692 4063 ut
703 4029 747 4062 an·
790 4015 861 4063 turn?
936 4027 946 4045 ¹

222 4105 311 4141 uoruru
329 4105 449 4140 uumerus
469 4088 711 4150 notaretrrr‚delixo
723 4091 748 4137 in
821 4097 834 4122 ¹¹
852 4089 942 4136 Notus
956 4087 1049 4137 ιιιιιιενί
1063 4089 1187 4151 uriom]
1210 4088 1316 4137 Idcirco

223 4167 335 4230 singulos
346 4180 427 4216 anuos
437 4165 649 4225 clamaberunt
657 4166 749 4216 sedan·
791 4164 879 4212 clarus
905 4162 1005 4211 annalia
1032 4163 1178 4213 dicabatur.
1222 4162 1317 4212 dtinuit

225 4241 265 4290 dre
278 4241 434 4307 pestilentiae
447 4251 532 4290 eausa.
792 4239 825 4288 ad
837 4245 967 4289 retortum
983 4239 1050 4298 irone
1065 4253 1160 4289 rnorem
1177 4237 1317 4288 Petronius
