3150 4942
564 412 634 458 ern.
660 410 698 459 x.
722 410 804 459 cnr.
827 394 880 459 14.
1185 401 1270 467 lam

177 561 236 620 aut
249 556 284 619 in
298 554 401 619 aliam
415 552 625 634 prouinciam
642 552 751 634 copiae
769 554 867 630 satis,
881 560 918 617 et
927 561 1003 617 uter
1015 554 1059 619 ad
1074 561 1182 621 utrum
1196 558 1269 623 bel·

176 656 247 722 lnm
261 654 331 721 dux
343 654 486 718 idoneus
497 654 603 735 magis
619 659 729 733 esset3
752 654 796 717 ab
810 652 923 717 Sutrio
932 659 966 719 et
977 654 1110 739 Nepete
1124 663 1158 721 et
1168 657 1267 723 Fale-

176 756 235 821 riis
247 756 362 838 legati,
378 760 541 831 auctores,
552 755 694 821 concilia
706 754 844 820 Etruria
855 756 1056 837 populomm
1070 755 1268 839 deputanda

175 876 260 940 pace
281 858 407 933 baberi,
432 860 534 920 totam
561 856 642 920 belli
666 856 791 921 molem
813 856 850 919 in
874 855 1045 921 Samnium
1065 865 1290 927 averterunt·

176 957 320 1023 Profecti
335 955 504 1034 eonsules,
519 976 586 1038 quo
610 958 839 1040 expeditiores
865 963 1071 1023 commeatus
1095 970 1209 1025 essent
1230 969 1267 1025 et

174 1057 331 1121 incertior
345 1058 458 1133 bostis,
471 1074 541 1139 qua
556 1064 764 1141 venturum²⁰
785 1056 913 1120 bellum
935 1057 1032 1134 foret,
1056 1057 1185 1124 Fabius
1204 1080 1266 1142 per

174 1156 350 1235 Soranum,
371 1158 498 1223 Decius
513 1177 574 1240 per
588 1156 773 1222 Sidicinum
795 1176 922 1239 agrum
935 1159 971 1222 iu
986 1159 1158 1223 Samnium
1182 1162 1266 1244 legi·

174 1275 255 1322 ones
270 1260 404 1323 ducunt.
448 1258 520 1322 Ubi
542 1260 577 1322 iu
603 1258 748 1322 bostium
770 1258 853 1323 fines
875 1267 1011 1324 ventum
1037 1265 1100 1339 est,
1124 1269 1264 1345 uterque

172 1359 430 1442 populabundus
445 1357 551 1424 effuso
563 1360 695 1441 agmine
709 1359 847 1425 incedit.
889 1358 1076 1441 Explorant
1089 1366 1199 1426 tamen
1213 1362 1264 1426 la·

172 1460 251 1531 tius,
264 1480 362 1544 quam
379 1460 591 1544 populantur.
635 1458 742 1544 Igitur
763 1479 832 1524 non
845 1460 994 1525 fefellere
1010 1459 1054 1525 ad
1068 1460 1262 1527 Tifemum¹

172 1562 282 1627 boetus
304 1563 338 1627 iu
360 1563 494 1626 occulta
508 1562 597 1627 valle
611 1562 777 1639 instructi,
793 1580 894 1645 quam
917 1562 1112 1643 ingressos·
1134 1562 1262 1629 Roma-

171 1678 232 1725 nos
248 1662 420 1745 superiore
434 1680 478 1726 ex
497 1662 574 1727 loco
600 1662 721 1727 adoriri
744 1663 917 1746 parabant.
961 1662 1102 1743 Fabius,
1121 1664 1263 1748 impedie

171 1762 292 1827 mentis
304 1762 464 1827 inlocum
477 1766 585 1826 tutum
600 1763 746 1840 minutis,
761 1761 989 1847 praesidioque
1004 1762 1139 1829 modico
1153 1766 1262 1847 impo-

171 1863 251 1939 sito,
259 1862 633 1945 praemonitismilitibus
643 1862 761 1927 adesse
771 1870 950 1941 certamen,
958 1864 1121 1955 quadrato
1131 1868 1262 1945 agmine

171 1963 215 2026 ad
230 1961 411 2045 praedictas
423 1962 568 2028 bostium
579 1962 725 2030 latebras
740 1962 904 2027 succedit.
947 1962 1128 2039 Samnites,
1142 1964 1262 2047 despe-

170 2070 244 2129 rato
260 2064 440 2146 improviso
454 2062 620 2141 tumultu‚³
643 2062 779 2145 quaudo
794 2067 829 2126 tu
855 2067 1005 2144 apertum
1019 2063 1124 2125 semel
1143 2062 1260 2128 discri-

169 2183 244 2227 men
260 2182 404 2228 evasura
419 2168 508 2228 esset
522 2181 587 2240 res,
602 2170 636 2227 et
649 2162 716 2246 ipsi
727 2162 803 2227 acie
811 2161 906 2245 justa
920 2160 1106 2225 maluerunt
1119 2180 1260 2227 concur·

169 2282 248 2327 rere.
290 2263 409 2347 Itaque
439 2267 474 2326 et
502 2263 535 2325 iu
564 2279 699 2345 aequum
727 2259 942 2338 descendunt,
969 2279 1011 2325 ac
1038 2260 1182 2326 sortuuoe
1210 2282 1259 2340 se,

169 2362 295 2443 maiore
311 2363 432 2439 auimo,
448 2381 549 2447 quam
564 2380 637 2443 spe,
653 2361 869 2426 committunt.
912 2360 1079 2440 Ceterum,
1090 2362 1163 2427 sire
1180 2364 1259 2447 quia

170 2484 212 2528 ex
229 2465 399 2529 omnium*
420 2462 617 2529 Samnitium
633 2462 778 2545 populis,
794 2460 1026 2545 quodcumque
1044 2462 1173 2527 roboris
1185 2462 1257 2527 iue-

167 2571 230 2639 rat,
247 2569 487 2642 coutraxeraut,
504 2582 561 2627 seu
577 2564 660 2647 quia
673 2561 851 2626 discrimen
874 2580 1015 2627 summm
1034 2580 1143 2628 rerum
1156 2582 1257 2645 auge·

168 2666 227 2729 bat
238 2664 381 2742 animos,
408 2666 612 2749 aliquantum
635 2670 753 2746 aperta
767 2681 901 2747 quoque
916 2682 1028 2746 pugna
1044 2664 1257 2746 praebuerunt

169 2766 312 2831 terroris.
358 2765 496 2843 Fabius,
517 2766 575 2830 ubi
598 2764 690 2829 nulla
703 2784 745 2831 ex
761 2770 859 2847 parte
873 2764 1005 2829 hostem
1027 2764 1106 2828 loco
1131 2765 1256 2829 moueri

165 2866 276 2945 vidit,⁵
293 2865 342 2931 Μ.
355 2866 511 2930 Fulvium
520 2864 535 2906 ⁶
545 2872 579 2927 ot
594 2863 643 2928 Μ.
655 2862 839 2940 Valerium,
851 2863 996 2927 tribunos
1008 2863 1162 2940 militum,
1176 2882 1255 2928 cnm

167 2966 288 3050 quibus
299 2966 342 3031 ad
357 2966 497 3049 primam
511 2964 619 3028 aciem
639 2970 857 3046 procurreret,
872 2963 920 3026 ire
942 2962 986 3026 ad
1000 2964 1128 3045 equites
1145 2964 1256 3047 jubet,

166 3074 201 3132 et
214 3066 391 3144 adhortari,
412 3071 482 3141 ‘ut,
498 3066 526 3129 si
541 3062 676 3149 quando
688 3082 834 3148 uuquam
848 3063 994 3147 equestri
1018 3081 1085 3146 ope
1105 3062 1254 3146 adjutam

165 3168 422 3251 rempublicam
447 3164 663 3242 meminerint,
677 3164 737 3228 illo
765 3162 821 3228 die
844 3164 1039 3240 annituntur,
1064 3169 1103 3226 ut
1127 3159 1253 3227 ordinis

166 3270 241 3352 ejus
256 3270 391 3354 gloriam
406 3267 563 3331 invictam
575 3270 741 3349 praestent.
777 3263 933 3327 Peditum
945 3263 1121 3327 certamine
1134 3263 1254 3328 immo·

164 3370 266 3435 bilem
289 3370 415 3435 bostem
439 3373 585 3444 restam
607 3382 736 3430 omnem
761 3362 925 3447 reliquam
947 3380 1044 3445 spem
1062 3361 1099 3426 iu
1124 3362 1252 3445 impetu

164 3488 241 3533 esse
255 3466 427 3551 equitum!
471 3466 514 3531 Et
528 3466 623 3547 ipsos
639 3463 833 3527 nominatim
842 3462 995 3547 juvenes,
1007 3466 1079 3546 pari
1094 3464 1250 3530 comitate

164 3573 370 3650 utrumque]
391 3584 480 3629 nunc
501 3562 672 3640 laudibus,
687 3582 771 3627 nunc
787 3562 962 3645 promissis
983 3574 1108 3629 onerat.
1152 3562 1252 3629 Gete-

164 3685 250 3744 rum,
266 3665 398 3749 quando
413 3682 455 3729 ne
468 3682 510 3729 ea
523 3681 655 3748 quoque
677 3668 805 3728 tentata
826 3663 880 3726 vis
899 3652 1085 3747 proficeret,
1109 3663 1252 3729 consilio

164 3766 391 3851 grassandum,
399 3764 429 3829 si
438 3764 519 3829 nibil
527 3766 612 3829 vires
615 3763 781 3848 juvarent,
791 3768 892 3845 ratus,
902 3762 1092 3849 Scipionem
1101 3764 1250 3846 legatum

591 3952 600 3979 t
632 3958 799 3981 omme

195 4112 229 4160 2⁰
245 4107 288 4158 Ar.
298 4122 344 4171 qao
353 4108 533 4157 emm-1
550 4103 595 4155 Ar.
609 4106 802 4167 Tritanum—2
816 4103 861 4153 ΑΙ.
875 4117 923 4167 qne
935 4102 1109 4166 ingruunt
1126 4102 1168 4154 al.
1180 4103 1251 4155 Sem·

161 4170 408 4234 aitndewuatesi.
420 4175 488 4221 t.-t
506 4170 582 4233 Legit
599 4170 688 4232 Sigon.
705 4184 747 4219 res
765 4168 823 4232 quie
838 4182 870 4217 au
882 4172 951 4216 o.-d
971 4168 1039 4217 rma
1049 4166 1163 4219 Gronov.
1179 4167 1250 4218 lion·

157 4237 210 4298 jar.
229 4234 394 4286 Gramen-d
409 4234 417 4263 ⁸
430 4248 470 4285 rr.
493 4234 559 4284 Mes.
580 4234 684 4299 optima
707 4238 775 4285 uoto
793 4232 929 4283 diuam
945 4230 1036 4298 stiur,
1051 4232 1150 4297 probb.
1167 4230 1249 4283 Grou.
