3150 4942
546 468 619 517 urs.
642 464 697 515 rx.
720 466 804 515 cer.
823 454 878 516 44.
1174 458 1261 526 1289

165 632 253 691 nem,
266 630 342 677 cunr
353 596 511 694 magistro
519 611 671 694 equitum
679 612 721 675 P.
732 611 841 677 Decio
851 610 958 676 Mure.
984 612 1108 692 Antis,
1120 624 1260 701 propter

166 734 244 799 qnae
270 711 373 777 creati
396 718 499 789 erunt,
526 712 662 776 comitia
685 712 876 777 consularia
898 712 1022 791 habita,
1046 716 1129 798 quia
1149 724 1261 783 neuter

166 802 337 879 cdnsulum
351 819 509 896 potuerat
522 814 611 878 bello
627 813 760 876 abesse.
774 870 778 877 .
795 811 906 877 creati
916 815 1072 879 consules
1084 815 1124 880 L.
1134 817 1262 883 Postu·

165 915 261 989 mins,
283 912 337 977 Ti.
355 910 550 979 Minucius*
594 912 672 978 Hos
695 914 853 978 consules
878 914 962 977 Piso
985 911 1029 991 Q.
1046 914 1155 985 Fubio
1168 928 1204 983 et
1217 920 1259 983 P.

166 1014 276 1080 Decio
291 1017 458 1097 suggerit}
478 1016 611 1079 biennio
625 1020 771 1091 exemto,
793 1032 862 1097 qno
882 1014 1062 1079 Claudium
1085 1016 1260 1085 Volumni-

164 1134 296 1199 umque,
321 1124 354 1181 et
371 1116 560 1182 Cornelium
586 1136 661 1180 eum
685 1114 818 1179 Marcio
842 1116 1000 1180 consules
1023 1118 1133 1185 iactos
1159 1122 1261 1187 tradi·

165 1214 284 1280 dimus.
324 1216 528 1282 Memoriane
538 1218 657 1297 ingerit
669 1218 701 1279 in
717 1216 893 1281 annalibus
907 1216 1107 1297 digerendis,
1123 1238 1166 1286 on
1179 1241 1262 1287 cen-

165 1317 253 1381 sulto
266 1318 363 1383 binos
378 1320 544 1395 consules,
565 1318 671 1381 salsos
686 1324 807 1395 ratus,e
824 1318 1079 1397 transcenderit,
1095 1321 1261 1388 incertum

165 1424 226 1481 est.
271 1418 400 1483 Eodem
425 1438 511 1484 anno
532 1420 565 1482 in
589 1436 744 1501 campum
774 1418 947 1483 Stellatem
973 1420 1042 1501 agri
1068 1420 1261 1505 Campani*

166 1518 365 1584 Samnitium
388 1520 596 1583 incursiones
620 1518 730 1583 tactos.
774 1518 895 1602 ltaque
915 1519 1015 1583 ambo
1037 1520 1205 1597 consules,
1227 1523 1262 1587 in

166 1619 337 1685 Samnium
358 1621 465 1698 missi,
488 1638 565 1684 oum
586 1618 738 1683 diversas
758 1622 920 1702 regiones,
946 1616 1120 1687 'liternum
1135 1618 1262 1689 Postu-

165 1722 263 1795 mius,
277 1722 465 1785 Bovianum
477 1720 661 1799 Minucius,
676 1721 857 1802 petissent3
874 1721 1039 1785 Postumii
1050 1723 1143 1804 prius
1155 1723 1261 1789 ductu

166 1823 209 1887 ad
223 1820 396 1887 Tifernum
411 1826 616 1906 pugnatum·
660 1821 731 1885 Alii
746 1821 834 1885 hand
849 1821 953 1885 dubie
965 1822 1135 1888 Samnites
1150 1826 1262 1891 victos

166 1940 207 1987 ac
218 1922 334 2003 viginti
345 1924 449 1988 millia
458 1922 484 1963 ¹⁶
498 1922 669 1987 hominnm
681 1926 784 2005 captu
794 1922 949 2001 tradnut3
963 1921 1024 1986 alii
1039 1922 1152 1987 Marte
1162 1945 1263 2008 aequo

166 2022 365 2100 discessum,
394 2030 426 2089 et
453 2024 675 2101 Postumium,
704 2030 831 2088 metum
859 2022 1070 2087 simulantem
1097 2029 1263 2090 nocturno

166 2124 293 2201 itincre,
319 2124 404 2188 clam
426 2126 460 2187 in
485 2130 614 2189 montes
635 2126 755 2208 copias
775 2123 977 2205 abduxisse3
998 2123 1114 2189 hostes
1127 2122 1264 2191 secutos

167 2224 233 2288 dno
250 2224 355 2289 mittio
368 2224 445 2288 inde
456 2224 544 2289 locis
560 2223 696 2288 munitis
711 2232 745 2288 et
757 2225 855 2307 ipsos
871 2224 1079 2288 consedisse.
1123 2224 1262 2303 Consul,

167 2334 206 2391 ut
229 2328 353 2401 stativa
375 2333 446 2393 tuta
467 2328 676 2410 copiosaque
690 2324 741 2411 (st
762 2326 812 2419 ita
824 2324 934 2409 erant)
946 2327 1073 2410 petisse
1089 2325 1263 2409 videretur,

177 2456 180 2468 Ι
200 2484 208 2512 '
223 2484 282 2535 Piso
290 2500 430 2539 muscetum
441 2490 482 2538 dut
492 2488 559 2537 lusce
569 2486 673 2537 conules
686 2485 718 2541 Q.
730 2484 805 2535 Folio
814 2491 840 2536 et
850 2487 882 2537 P.
894 2488 978 2538 Decio.

659 2628 763 2651 nucu
767 2629 812 2649 en

202 2745 234 2790 1ss
250 2742 257 2771 ‘
270 2742 302 2792 ln
310 2742 367 2793 eliis
377 2744 449 2795 libris
463 2746 528 2795 tdeo
542 2745 633 2795 XXX.
644 2746 736 2795 erillw
747 2745 795 2794 sed
804 2744 874 2795 forte
886 2758 933 2809 pro
946 2744 1009 2795 XX.
1018 2746 1094 2795 utillie
1102 2758 1136 2795 ex
1147 2744 1265 2795 Diodoro

167 2806 186 2855 l.
197 2818 245 2855 xx.
255 2822 281 2870 p·
291 2810 348 2857 779.
360 2809 409 2873 leg.
422 2810 460 2860 Π.
473 2810 563 2859 millio.-
583 2816 611 2859 et
622 2809 660 2859 sic
671 2823 742 2873 repe
754 2810 854 2858 numeri
872 2824 887 2858 e
904 2808 1013 2859 librariis
1029 2808 1128 2859 confusi
1143 2811 1264 2873 suetique

662 2966 768 3018 NOTAE

201 3062 216 3090 ¹
233 3062 267 3111 Α.
279 3062 313 3113 tt.
323 3063 353 3113 C.
365 3068 423 3115 448.
739 3062 975 3124 temtriouallor‚ut
987 3063 1265 3125 sensumsensurn·

202 3138 306 3189 ‘Riese
316 3136 601 3202 mmleesalmrutue]
617 3137 698 3189 Binct
739 3137 789 3187 tior
810 3152 843 3187 ex
871 3136 985 3186 Cluverii
1009 3136 1194 3209 descriptione.
1227 3136 1266 3187 At

169 3211 247 3262 immo
258 3216 417 3270 consuletur,
428 3215 547 3264 consuler
559 3214 599 3264 bie
611 3214 696 3264 trinos:
737 3213 891 3265 stelletinus
903 3224 975 3275 ager,
994 3225 1010 3260 e
1026 3226 1077 3277 qeo
1092 3212 1186 3261 deinde
1197 3213 1267 3261 Stel·

170 3288 217 3337 sed
228 3288 277 3339 nisi
289 3304 335 3352 per
345 3304 424 3339 annes
443 3290 545 3352 digesta
556 3294 613 3337 eret
625 3288 699 3337 Piso·
738 3289 820 3339 latine
832 3287 913 3337 tribue
924 3289 1022 3346 Reme,
1034 3286 1087 3337 fuit
1102 3288 1171 3337 inter
1182 3286 1266 3352 Cepe-
1367 3312 1373 3327 ι

170 3364 210 3413 nis
229 3364 345 3420 historia,
368 3366 453 3428 potuit
474 3366 525 3414 elit
545 3378 600 3413 esre
622 3376 699 3419 ceute
739 3363 945 3425 nam,Veloe,et
957 3362 1118 3426 Falerioe,in
1130 3365 1232 3413 Timete.

169 3440 260 3489 horum
281 3441 459 3491 consulatuum
481 3439 699 3499 emittendorum
771 3439 840 3487 ‘Ae
851 3436 975 3497 ΝΜ
982 3436 1126 3500 mere]
1141 3437 1195 3488 sut
1213 3439 1265 3488 ue·

170 3528 266 3575 nempe
284 3514 352 3577 quod
371 3530 412 3565 rer
431 3514 531 3564 duobus
553 3514 605 3563 illie
627 3515 699 3563 anet·
739 3510 1266 3576 eienoepudsenruiteee'l'iteruemoute

172 3588 383 3651 geeteehtstorire
399 3591 537 3655 mejestete
548 3590 632 3638 miuus
642 3588 698 3652 dig·
740 3587 1268 3652 eritanit'ernneti.vulgonunciltrem.
1349 3624 1353 3632 ·

171 3676 218 3713 nee
227 3672 355 3713 censeret.
740 3667 853 3718 Adeunt
863 3664 914 3715 fnit
924 3662 1059 3715 'liternum
1076 3666 1125 3715 tec
1140 3664 1266 3729 oppidum

204 3739 216 3773 θ
233 3740 265 3789 Iu
276 3754 380 3804 mmpum
391 3742 515 3801 Stellatem
531 3740 586 3803 age
599 3741 700 3804 Campu-
739 3742 919 3795 Stmniticum.
953 3740 1029 3790 Clnr·
1040 3745 1114 3803 putet
1129 3740 1165 3788 ibt
1176 3736 1267 3800 fnisse,

171 3816 210 3878 ei]
245 3814 458 3867 Animadvertere
490 3818 555 3867 lieet
582 3828 700 3879 aurnum
740 3820 782 3868 ubi
794 3832 863 3868 nuuc
871 3814 1109 3877 metanomiam·
1119 3815 1158 3862 sul
1170 3820 1197 3862 et
1207 3826 1267 3875 pre·

172 3893 240 3941 hunc
264 3893 398 3943 Stetietern
425 3893 553 3943 disertum
578 3892 659 3942 tuisse
685 3906 701 3940 e
741 3894 832 3943 sinete
848 3893 876 3941 iu
893 3888 1066 3952 Neapolitano
1083 3901 1164 3951 regno
1179 3892 1267 3952 ceput.

174 3968 431 4031 cumpostelltttne:
448 3968 547 4031 ille,de
563 3981 615 4032 quo
630 3978 700 4017 nune
740 3968 821 4018 Aliud
840 3965 892 4015 fnit
909 3963 1043 4013 Tifernum
1070 3962 1218 4011 Tiberinum
1239 3964 1267 4011 tn

174 4043 270 4105 egitur,
290 4044 317 4092 in
329 4042 479 4109 Campanis,
490 4058 507 4092 e
522 4043 619 4094 Caleno
637 4056 700 4106 egro
740 4041 860 4101 Umbris,
870 4040 948 4102 vulgo
958 4037 1027 4086 ciete
1042 4038 1069 4086 ut
1085 4039 1197 4087 umato.
1230 4038 1266 4087 A·

175 4118 274 4167 divisus
283 4118 466 4170 intercedente
476 4118 601 4168 Celticult
612 4124 699 4167 mente
740 4115 794 4166 liud
807 4114 941 4164 Tifernum
958 4113 1127 4163 Metaurense
1137 4114 1164 4163 iu
1176 4112 1267 4164 eedem

173 4194 242 4243 inter
252 4194 381 4253 Serenum
390 4202 419 4245 et
429 4195 586 4245 Vulturnum
598 4192 699 4257 duvios,
741 4192 856 4257 regione,
866 4190 944 4254 vulgo
954 4188 981 4240 S.
991 4189 1084 4252 Angeia
1093 4190 1119 4238 dt
1133 4188 1207 4240 Vade.

175 4266 276 4318 ridetur
287 4284 346 4333 pers
357 4270 435 4321 fuine
453 4271 510 4333 agri
528 4270 631 4321 Falerni
642 4282 700 4334 sep·

240 4346 329 4412 Dolet.
340 4354 365 4399 et
377 4349 435 4402 Ver.
448 4349 512 4400 Glne.
674 4346 766 4398 diviua
1145 4350 1161 4395 t
1180 4346 1202 4394 R
