3150 4942
559 414 633 461 nrn.
657 406 712 463 lx.
734 414 818 463 car.
838 398 892 465 38.
1187 398 1275 467 rm

180 556 306 625 claram
320 574 466 641 pugnam
478 560 569 623 trans
580 556 760 623 Ciminiam
774 558 907 640 sylvam
921 557 964 621 ud
980 557 1152 623 Perusiam
1161 568 1176 595 ⁶
1189 578 1274 643 pug-

179 666 303 737 natum,
332 657 469 741 qnidam
497 665 650 723 auctores
680 666 776 739 suut3
811 663 963 742 metuque
987 660 1022 722 in
1046 678 1167 741 magno
1190 660 1274 726 ciui-

180 767 283 825 tatem
308 760 423 834 luisse,
453 779 495 823 ne
516 761 716 825 interclusus
739 760 907 824 exercitus
931 766 1000 824 tum
1025 759 1151 823 infesto
1175 762 1274 841 saltu,

181 860 307 923 coortis
332 860 479 943 undique
505 860 627 925 Tuscis
651 860 868 942 Umbrisque,
897 858 1148 942 opprimeretur.
1191 860 1274 938 Sed,

178 960 382 1041 ubicumque
396 965 577 1044 pugnatum
591 965 654 1036 est,
666 978 722 1024 res
737 960 898 1024 Romana
910 961 1066 1043 superior
1085 960 1160 1023 luit.
1205 962 1274 1027 lta·

177 1078 245 1141 que
263 1078 282 1121 a
299 1056 453 1135 Perusia,
474 1067 509 1124 et
523 1057 701 1137 Cortona,d
722 1068 758 1124 et
771 1059 931 1137 Arretio:
953 1078 1030 1142 qnae
1045 1060 1148 1123 ferme
1161 1063 1275 1145 capita

179 1156 319 1223 Etruriae
332 1160 533 1242 populorum
553 1179 594 1223 ea
607 1166 807 1241 tempestate
820 1165 924 1232 erant,
949 1158 1058 1242 legati,
1073 1178 1195 1242 pacem
1208 1162 1274 1227 t'oe·

179 1260 309 1342 dusque
336 1262 379 1325 ab
403 1260 569 1325 Romanis
578 1264 749 1341 petentes,
773 1260 929 1324 inducias
951 1260 987 1323 in
1010 1261 1146 1343 triginta
1169 1282 1275 1329 anuos

179 1362 443 1443 impetraverunt.
778 1412 782 1419 .

183 1498 192 1507 -
222 1460 277 1526 38.
300 1461 391 1525 Dum
406 1461 512 1526 haec¹⁷
528 1461 561 1525 in
577 1461 709 1525 Etruria
722 1468 891 1541 geruntur,
904 1464 1019 1527 consul
1034 1464 1118 1528 alter
1128 1464 1170 1529 G.
1182 1464 1275 1528 Mar·

180 1558 254 1624 cius
269 1560 408 1625 Rutilus
422 1558 567 1626 Allitasf
587 1561 628 1624 de
652 1560 860 1624 Samnitibus
873 1562 908 1624 vi
929 1564 1031 1646 cepit.
1074 1563 1186 1629 Multa
1206 1564 1275 1629 ulia

180 1661 321 1724 castella
334 1660 482 1744 uicique,
498 1674 559 1726 aut
572 1661 683 1724 deleta
698 1660 869 1740 hostiliter,
884 1670 944 1726 ant
957 1664 1083 1743 integra
1103 1664 1138 1727 in
1160 1672 1276 1747 potes·

179 1767 283 1825 tutem
300 1780 431 1825 venere.
473 1761 539 1826 Per
561 1760 649 1825 idem
672 1767 807 1843 ternpus
828 1767 863 1826 et
883 1763 1006 1827 classis
1026 1763 1181 1828 Romana
1195 1784 1217 1827 a
1233 1762 1275 1828 P.

180 1859 345 1939 Cornelio,
362 1883 459 1945 quem
474 1867 606 1927 mustus
620 1862 797 1926 maritimus
812 1881 884 1926 orm
899 1863 1110 1948 praefecerat,
1125 1866 1161 1927 in
1176 1863 1274 1928 Gum-

179 1962 314 2043 puniam
340 1972 429 2041 actu,
453 1983 529 2027 cnm
561 1964 706 2047 appulsa
728 1962 933 2045 Pompeios⁸
953 1971 1064 2043 esset3
1087 1965 1174 2027 socii
1199 1964 1276 2029 inde

104 2127 111 2141 ,
179 2062 320 2127 navales
332 2064 375 2127 ad
386 2064 654 2147 depopulandum
667 2082 780 2145 ugrum
794 2064 1000 2128 Nucerinum
1012 2064 1161 2146 profecti,
1173 2084 1275 2147 prox·

180 2162 256 2226 imis
277 2164 399 2245 raptim
429 2164 583 2241 vastatis,
608 2163 696 2227 unde
717 2164 847 2228 reditus
870 2173 961 2229 tutus
983 2164 1029 2229 ud
1048 2183 1152 2229 naves
1172 2174 1276 2242 esset,

180 2263 359 2330 dulcedine
373 2268 425 2342 (ut
436 2261 491 2346 fit)
504 2263 629 2347 praedas
643 2263 774 2345 longius
787 2266 966 2347 progressi,
979 2265 1136 2328 exciuere
1150 2265 1276 2330 hostes.

182 2364 313 2430 Palatis
336 2382 395 2447 per
420 2383 519 2446 agros
544 2382 643 2429 nemo
664 2363 784 2428 obuius
799 2364 874 2441 fuit,
889 2384 963 2429 cum
978 2364 1153 2428 occidione
1166 2366 1277 2431 occidi

180 2473 339 2547 possent:
361 2464 535 2530 redeuntes
558 2464 690 2546 agmine
714 2462 851 2529 incanto
877 2463 967 2528 houd
991 2463 1109 2545 procul
1133 2465 1276 2529 nuribus

670 2676 780 2729 NOTAE

184 2818 190 2836 ·
207 2810 223 2840 ⁴⁶
241 2804 319 2855 ilaus
330 2805 459 2855 cumulum
476 2808 566 2871 rplcuss
581 2806 613 2855 ad
631 2804 707 2856 Pers·
750 2808 793 2857 hin
803 2806 1276 2871 lloprdnos,cuut'nsisuomiuihnsmu·

180 2878 252 2943 suu]
269 2879 480 2943 lmmoproculs
496 2880 606 2931 cimicis
623 2882 706 2943 sylva,
749 2882 783 2931 do
805 2896 863 2931 euru
890 2883 1005 2931 crotone
1030 2893 1131 2944 magun
1153 2882 1278 2943 Grecis,

181 2956 244 3007 eisd
257 2957 403 3018 Perusiam,
413 2971 471 3019 quaa
483 2953 638 3005 intermedio
649 2956 709 3005 Cla·
749 2958 825 3007 modu
837 2972 895 3005 curn
911 2958 1034 3021 Gyrtone,
1044 2958 1160 3008 Boeoti·
1171 2958 1278 3022 oppidu.

181 3033 207 3081 ni
219 3032 298 3081 tridui
309 3026 392 3081 fermo
405 3031 497 3080 itinere
506 3028 604 3079 dissita.
750 3032 919 3081 Fshnlatcres
936 3034 1003 3081 huuc
1021 3031 1162 3093 Corythum
1179 3032 1277 3087 volunt,

217 3105 352 3168 Pensatum]
368 3104 483 3169 Antiqua
498 3105 599 3154 Tusciui
617 3102 709 3153 civitas
750 3106 865 3157 Dardani
877 3106 997 3169 petriam.

181 3181 301 3243 Perusia,
321 3179 354 3229 sb
379 3178 481 3229 Achaia
504 3180 560 3229 rire
592 3178 710 3244 Pelasgis
781 3189 794 3215 ⁰
808 3180 918 3243 Arretio]
934 3178 1180 3241 vrnesopraeaa.

181 3254 296 3318 condita,
307 3254 333 3303 iu
345 3255 482 3305 duodecim
502 3254 648 3319 principum
669 3270 710 3304 ur·
782 3252 792 3288 ³
805 3254 909 3317 Allifas]
926 3255 969 3303 De
978 3254 1028 3303 hsc
1043 3254 1109 3304 urhe
1124 3254 1168 3305 lib.
1180 3268 1242 3303 vrrs.
1253 3268 1278 3305 o·

182 3331 251 3381 bium
271 3343 376 3379 nurnero
394 3324 455 3391 fuir,
476 3328 567 3393 viginti
590 3344 709 3393 passuum
750 3335 792 3381 25.

181 3404 294 3455 millibus
315 3404 348 3453 ah
369 3403 485 3453 Conona
504 3408 589 3452 ortum
613 3416 710 3465 versus,
783 3405 917 3468 sappslsu
928 3404 1066 3469 Posrpeiss]
1080 3406 1158 3456 Ultus
1171 3406 1279 3469 Neapo-

182 3478 271 3528 'l'iheri
288 3478 382 3527 ricius.
424 3478 467 3527 Ah
486 3476 635 3527 Octaviano
654 3478 710 3527 Cu·
751 3480 827 3530 lluet
842 3479 1078 3530 Herculanea-sd
1095 3480 1279 3543 sarnumque

182 3566 244 3602 rere
255 3561 413 3617 expugnatu,
428 3560 455 3603 et
467 3554 583 3614 lucense,
595 3552 665 3602 hello
676 3552 712 3601 ci·
752 3554 893 3607 Nuceriam
910 3554 974 3612 itur,
991 3554 1043 3605 luit
1060 3554 1184 3619 oppidum
1200 3555 1279 3605 Pom·

182 3630 238 3693 rili,
255 3632 398 3681 sederatim
417 3629 613 3682 rastllnrst'uit.
645 3630 712 3680 Pus·
753 3634 816 3698 pell,
841 3630 918 3681 hodie
937 3630 1037 3691 &usati
1067 3631 1164 3680 Strabo
1184 3630 1231 3679 lih.
1250 3643 1278 3680 v.

182 3705 323 3761 tertoribus
336 3706 470 3769 Perusiam,
488 3704 707 3769 hudievulguPe·
750 3710 899 3772 Pompoesm
927 3714 1016 3767 vocar,
1041 3705 1195 3770 serlhltqne,
1220 3716 1279 3753 eum

182 3782 279 3844 “mr
291 3781 485 3834 ⁰⁸¹¹·Pm·
750 3784 834 3835 Oscos
853 3783 924 3844 olim,
949 3781 1009 3830 dein
1030 3780 1176 3843 Tyrrhenos
1196 3784 1275 3842 utque

214 3860 227 3895 ὓ
245 3862 277 3911 Et
287 3858 709 3926 Gutostetustlsslmsquoquc
748 3858 886 3921 Pelasgus,
902 3864 997 3921 pustes
1009 3854 1142 3904 Ssmnires
1156 3852 1280 3912 tenuisse,

182 3928 238 3985 h'uc
249 3935 320 3997 urbs,
329 3942 408 3997 atque
416 3948 449 3985 ex
461 3935 574 3985 Etruria
586 3932 709 3999 principi·
749 3935 794 3997 qul
803 3940 832 3981 et
843 3934 893 3995 ipsi
901 3932 962 3980 iude
971 3928 1050 3993 pulsi.
1069 3928 1172 3977 Seneca
1184 3927 1280 3976 Nutur.

184 4009 231 4060 hur
249 4023 310 4071 uus,
334 4012 447 4072 census,
467 4022 560 4061 nomeu
581 4010 708 4075 hodieque
749 4010 850 4059 Quaest.
861 4006 907 4055 lib.
919 4018 940 4053 r.
951 4018 976 4053 c.
985 4007 1010 4053 1.
1021 3999 1133 4051 audiisse
1145 4001 1191 4057 sit,
1200 4002 1280 4050 Pom·

183 4084 364 4132 serrausinter
381 4084 514 4135 Clusinum
526 4085 658 4149 paludem,
674 4086 710 4133 ln·
750 4084 834 4149 peius,
855 4079 984 4131 celebrem
1002 4076 1153 4140 campanie
1178 4076 1278 4137 urbem,

185 4170 293 4221 cumque
309 4158 523 4220 Thrasymennus.
556 4159 711 4209 erastus-
750 4156 881 4207 desedisse
906 4161 987 4203 terre
1022 4160 1119 4202 motu:
1152 4152 1278 4216 additque

185 4235 336 4286 tustinrlhns
355 4236 459 4299 κρότον,
477 4237 614 4300 aliquando
633 4233 711 4297 Puly-
752 4228 957 4281 Herculaneusis
973 4226 1063 4292 oppidi
1076 4234 1175 4292 partem
1186 4228 1278 4276 ruisse.

252 4314 339 4376 napa
350 4322 374 4365 st
387 4315 445 4366 Ver.
456 4316 522 4366 cles.
706 4311 799 4364 mum.
1156 4311 1173 4356 t
1188 4308 1213 4360 Q
