3150 4942
557 416 628 463 nrn.
652 415 720 463 vrr.
743 417 825 464 can.
847 401 899 466 17.
1184 404 1270 468 1049

221 559 277 623 17.
304 557 397 623 Novi
421 558 575 623 consules
588 556 690 636 inde,
713 559 764 624 Μ.
791 560 919 624 Fabius
945 558 1130 625 Ambustus
1154 581 1272 629 socun-

180 660 261 724 dnm
291 665 325 724 et
350 659 403 724 Μ.
429 659 597 742 Popillius
623 661 744 726 Laenas
772 659 977 738 secuudum,⁶
1005 660 1073 726 duo
1097 665 1186 728 bella
1212 665 1274 727 bn·

179 761 292 824 buere.
355 761 467 825 Facile
506 761 644 826 alterum
678 782 752 826 cum
788 763 995 839 Tiburtibus,
1029 763 1120 845 quod
1150 763 1273 828 limum

180 862 306 942 gessit3
338 861 409 944 qui,
440 862 538 924 hoste
569 863 601 927 in
627 864 741 927 urbem
777 864 965 949 compulso,
993 883 1091 946 agros
1118 866 1275 928 vastavit.

182 960 309 1024 Falisci
334 961 669 1046 Tarquiniensesque
693 965 832 1028 alterum
862 966 1035 1029 consulem
1062 966 1169 1048 prime
1192 984 1276 1049 pug-

180 1079 224 1124 na
247 1060 413 1126 fuderunt.
462 1063 547 1128 Inde
573 1070 679 1128 terror
701 1065 870 1128 maximus
899 1064 976 1141 fuit,
1004 1067 1092 1149 quod
1121 1068 1276 1131 sacerdo·

181 1165 232 1224 tes
257 1181 382 1239 eorum,
409 1162 542 1227 facibus
564 1164 755 1228 ardentibus
770 1165 1024 1247 anguibusqueq
1045 1167 1208 1249 praelatis,
1228 1170 1278 1232 iu*-

184 1280 283 1326 cessu
311 1263 423 1328 furiali
438 1263 576 1327 militem
592 1262 782 1328 Romanum
805 1264 937 1329 insueta
965 1267 1179 1332 turbaverunt
1202 1287 1278 1349 spe·

184 1365 254 1427 oie:
277 1372 311 1427 et
325 1371 404 1428 tuno
423 1364 559 1448 quidem
572 1364 664 1429 velut
682 1366 845 1448 lymphati
864 1370 897 1430 et
919 1369 1051 1432 attoniti
1067 1369 1279 1432 munimentis

184 1465 256 1530 suis
270 1463 399 1547 trepido
414 1465 544 1547 agmine
568 1467 765 1546 inciderunt3
789 1466 921 1544 deinde,
944 1469 1004 1531 ubi
1026 1469 1167 1532 consul⁷
1189 1470 1279 1550 lega·

184 1564 276 1647 tique
288 1584 328 1629 ac
343 1566 463 1630 tribuni
480 1585 654 1649 puerorum
667 1567 731 1631 ritu
744 1586 835 1631 vana
848 1567 1010 1632 miracula
1032 1575 1194 1651 paventes
1209 1571 1281 1633 irri-

184 1661 309 1730 debant
323 1666 614 1751 increpabantque,
633 1667 733 1732 vertit
756 1667 885 1730 animos
906 1676 1046 1752 repente
1060 1669 1182 1752 pudor,
1197 1679 1232 1733 et
1246 1667 1281 1733 iu

185 1785 225 1830 ea
238 1768 324 1850 ipsa,
337 1789 413 1852 qum
425 1768 590 1850 fugerant,
610 1767 706 1831 velut
721 1769 808 1833 cneci
831 1770 983 1835 ruebant.
1029 1771 1194 1835 Discusso
1215 1771 1280 1834 ita-

186 1886 251 1951 que
265 1887 353 1934 vano
375 1875 537 1950 apparatu
552 1869 710 1948 bostium,
724 1888 800 1933 oum
813 1870 849 1934 in
863 1871 958 1952 ipsos
973 1879 1121 1936 armatos
1138 1891 1175 1936 se
1189 1874 1280 1935 intu-

182 1968 314 2046 lissent,
340 1975 526 2034 averterunt
547 1976 651 2035 totam
673 1971 803 2035 aciem:
826 1973 1013 2055 castrisque
1035 1973 1138 2036 etiam
1160 1991 1202 2035 eo
1225 1973 1280 2035 die

186 2070 299 2150 potiti,
316 2068 429 2152 proedo
443 2070 686 2152 ingemimus,
698 2071 1068 2149 victoresreverterunt‚
1080 2073 1284 2136 militaribus

181 2169 273 2252 jocis
287 2190 365 2234 cum
385 2176 582 2254 apparatum
597 2171 755 2246 hostium,
781 2177 850 2233 tum
872 2191 970 2234 suum
987 2173 1203 2254 increpantes
1223 2191 1284 2256 pa-

186 2288 310 2334 vorem.
364 2270 556 2336 Gonmmur
593 2271 712 2336 deinde
743 2291 841 2334 omne
875 2291 994 2336 nomen
1024 2272 1212 2349 Etruscum,
1240 2279 1286 2345 et,

187 2371 486 2454 Tarquiniensibus
521 2370 731 2456 Faliscisque
755 2371 910 2448 ducibus,
944 2373 986 2436 ad
1012 2373 1147 2437 Salinas
1168 2393 1285 2456 perve-

189 2472 294 2536 niunt.
340 2471 515 2536 Adversus
538 2492 612 2536 eum
638 2479 794 2538 terrorem
821 2475 965 2539 dictator
981 2473 1021 2538 G.
1043 2475 1195 2538 Marcius
1213 2475 1286 2538 Ru-

190 2573 270 2638 tilus
285 2575 412 2657 primus
432 2573 475 2638 de
492 2574 588 2656 plebe
604 2573 725 2651 dictus,
743 2576 936 2657 magistrum
961 2577 1111 2659 equitum
1135 2578 1216 2641 item
1242 2576 1286 2641 de

684 2707 793 2758 NO'l'AE

190 2819 305 2880 minum(
322 2819 426 2884 (supple
437 2819 580 2884 numm.)
592 2835 649 2883 pro,
660 2820 717 2869 mii·
759 2819 924 2870 semiactum
940 2835 996 2871 ease
1015 2820 1158 2885 apparebat
1176 2821 1201 2870 in
1221 2819 1287 2870 frau-

192 2896 216 2944 le
230 2895 335 2959 jugera,
352 2897 423 2944 mille
438 2897 561 2945 beminen.
593 2897 718 2960 Jugernrn
759 2898 818 2946 dem
830 2897 902 2960 legia.

193 2976 277 3018 utitem
307 2970 449 3018 vocabatur
480 2979 548 3018 teate
577 2970 647 3020 Ptin.
675 2971 719 3020 lib.
793 2971 808 3000 '
825 2971 858 3018 A.
869 2971 903 3019 U.
914 2972 944 3020 C.
955 2975 1013 3020 197.

193 3048 379 3107 xvrrr.cap.8.
404 3045 497 3094 ‘Quod
511 3045 631 3108 nnojugo
644 3045 720 3095 borum
794 3045 925 3095 arerem
950 3045 1087 3094 ardentibus
1116 3041 1290 3106 mitesque]

193 3119 219 3166 in
231 3117 273 3168 die
284 3117 387 3168 exarari
398 3125 496 3181 posset.
530 3119 721 3184 detectoque
762 3121 884 3182 Explicat
900 3121 968 3169 brine
985 3121 1069 3170 locum
1090 3119 1189 3177 Florus,
1208 3121 1292 3168 simile

193 3194 271 3243 bores
282 3201 424 3257 agerentur
435 3209 492 3244 eum
509 3201 602 3251 aratro,
614 3209 664 3244 nuo
676 3197 722 3243 im·
762 3195 895 3243 inventum
912 3190 1082 3242 Fidenatibus
1102 3195 1233 3243 ascribens
1244 3194 1292 3242 lib.

194 3275 258 3330 patu
274 3269 355 3332 justo.
387 3269 448 3318 Hoc
463 3275 519 3318 erat
530 3281 595 3318 cxx.
612 3269 722 3331 pedum:
763 3273 907 3331 neap-12·
933 3269 1291 3332 ‘Fidene‚quiapareanon

194 3343 392 3408 duplicatusque
410 3345 437 3392 in
451 3345 722 3408 longitudinemjrrge·
763 3350 836 3392 eraut
846 3341 926 3405 terro,
935 3342 968 3392 ad
985 3351 1110 3392 tenorem
1127 3344 1293 3402 movendum,

197 3433 253 3468 rum
263 3417 396 3469 iaciebat.¹
413 3419 543 3470 Nimirum
554 3420 665 3483 ‘iunctis
676 3419 722 3468 du·
762 3416 866 3467 tactum
873 3418 965 3468 armati
974 3424 1002 3467 et
1011 3419 1180 3468 discoloribus
1186 3433 1294 3483 serpen·

195 3493 261 3542 ebus
270 3493 371 3543 actibus
382 3495 534 3558 quadratis.'
545 3502 575 3543 nt
589 3496 672 3546 Verre
687 3497 723 3544 lo·
764 3501 819 3542 turn
827 3493 854 3541 tn
862 3493 964 3542 modurn
971 3494 1043 3543 vitria
1052 3492 1138 3543 furiali
1146 3509 1217 3544 more
1227 3510 1294 3558 prar-

195 3568 292 3631 quitur.
325 3569 725 3632 Et‘centnria'eseudem,‘a
764 3575 914 3618 cesserant:
941 3567 986 3616 aed
1008 3568 1109 3618 babitus
1139 3569 1184 3618 iile
1204 3565 1294 3619 feralia

195 3649 300 3696 eentum
308 3645 445 3707 jugeribus
461 3645 548 3696 diota:
567 3650 626 3707 post
640 3644 725 3708 dupli·
764 3640 903 3690 avenionis
922 3655 998 3691 emen
1017 3641 1084 3692 tuit.'
1111 3643 1194 3692 vittae
1205 3650 1293 3692 autern

197 3726 267 3774 eata,
277 3718 385 3768 retinnit
395 3717 507 3769 nomeu!
765 3715 817 3766 itte
828 3716 915 3765 colore
923 3717 1113 3780 anguicomam
1122 3718 1201 3771 vario,
1209 3718 1294 3766 instar

229 3793 478 3858 rumpendoque
490 3794 584 3859 filiam]
611 3795 670 3844 Non
689 3800 726 3843 te·
766 3791 895 3852 angurium,
916 3797 993 3840 vento
1012 3792 1127 3854 agitata,
1147 3793 1243 3848 virere,
1265 3798 1294 3841 et

197 3869 725 3933 rnenabhorrebatajurrisprndentnmpla·
767 3867 821 3916 veri
833 3867 1165 3928 augneaemvittebantnr.
1196 3867 1248 3916 Sed
1260 3870 1294 3918 de

198 3943 432 3993 eitisbouStolonis
441 3953 613 3994 commentum
623 3959 630 3993 ι
642 3957 726 3992 emau-
768 3941 936 3990 Fidenatibus
947 3941 1045 3990 dietum
1065 3939 1097 3988 ab
1117 3939 1232 3991 Auctore
1249 3942 1295 3992 lib.

198 4019 329 4082 eipatioae
345 4019 443 4083 qnippe
457 4019 535 4081 filiun,
550 4033 607 4068 cum
621 4017 726 4068 esaoria
769 4029 807 4064 ιν.
818 4030 842 4065 e.
853 4019 894 4064 ⁸³·
905 4015 997 4078 quibus
1008 4013 1076 4063 inea
1091 4027 1139 4076 pro
1157 4015 1234 4066 arnis
1248 4021 1295 4066 tri·

194 4103 227 4142 et
238 4091 335 4142 familia
347 4093 427 4155 petris
439 4093 534 4153 exiret,
546 4091 629 4142 tiebat
646 4107 727 4142 novus
767 4091 835 4153 buit,
845 4091 917 4139 nulla
926 4089 1045 4150 segnium
1056 4090 1197 4140 montione.
1216 4093 1294 4140 Fron·

199 4166 391 4230 paterfamilias.
424 4169 520 4218 Verum
532 4169 606 4233 buius
616 4169 727 4218 emanci-
767 4165 885 4217 timbre.
906 4163 1135 4226 strategematum,
1147 4179 1171 4213 e.
1183 4169 1209 4214 4.
1231 4167 1295 4217 Vei·

201 4240 728 4307 patieniaideennuestbebitaratinquod
768 4249 954 4306 enteaquoqae
964 4239 990 4290 id
1001 4239 1134 4291 factitasse
1143 4240 1245 4296 scribit.
1276 4272 1281 4282 ·

267 4323 353 4386 Datpt.
362 4327 387 4372 et
400 4323 534 4374 Venetus.
701 4319 795 4373 ntae.
1175 4323 1191 4367 4
1206 4319 1228 4366 Β
