3150 4942
559 460 634 511 nnn.
657 460 742 510 vnn.
764 461 849 511 car.
868 446 923 512 29.
1073 474 1082 497 0
1202 444 1286 513 1171

186 606 217 673 si
234 602 394 672 Vestinus
420 604 651 689 attingeretur,
677 622 794 670 omnes
818 602 995 671 habendos
1020 600 1157 671 lrostee.¹
1192 602 1288 671 Vicit

185 716 297 775 tamen
316 726 403 791 pars,
419 726 497 790 qnae
519 708 554 771 in
576 708 758 792 praesentia
772 708 877 773 videri
892 707 1006 791 potnit
1019 706 1158 790 majoris
1172 708 1288 783 animi,

186 828 288 893 qnam
304 808 453 874 consilii:
477 808 537 873 sed
552 815 691 874 eventus
704 808 829 884 docuit,
839 809 945 873 fortes
962 808 1143 873 Fortunam
1154 806 1287 890 juvare.

186 909 323 973 Bellnm
346 928 390 974 ex
410 911 607 975 anctoritate
623 910 929 993 Patrnmpopulns
943 908 1107 973 adversus
1123 908 1289 973 Vestinos

182 1009 300 1092 jussit.
336 1009 517 1075 Provincia
527 1030 567 1075 ea
582 1010 697 1087 Bruto,
712 1010 886 1073 Samnium
901 1006 1050 1075 Camillo
1064 1014 1152 1073 sorte
1165 1010 1288 1073 evenit.

188 1111 366 1176 Exercitus
382 1118 520 1197 utroque
535 1112 641 1189 ducti,
661 1118 697 1175 et
715 1130 797 1176 cura
818 1110 1015 1176 tuendorum
1035 1110 1150 1175 finium
1172 1110 1291 1175 hostes

187 1213 345 1295 prohibiti
365 1212 566 1295 conjungere
588 1222 691 1277 arma:
736 1211 895 1277 Ceterum
909 1213 1050 1277 alterum
1065 1206 1236 1277 c'onsnlem
1249 1213 1291 1277 Io

189 1312 338 1392 Furium,
352 1316 407 1379 cui
424 1314 532 1398 major
545 1315 650 1379 moles
664 1334 771 1379 rernm
786 1315 946 1397 imposita
959 1321 1042 1390 eret,
1056 1314 1174 1377 morbo
1196 1312 1292 1397 graui

189 1416 387 1499 implicitum
412 1415 548 1480 fortuna
570 1415 658 1480 bello
683 1414 867 1480 subtraxit:
891 1416 1076 1499 jussusque
1096 1414 1292 1479 dictatorern

190 1516 299 1581 dicere
321 1517 370 1581 rei
393 1516 546 1598 gerendae
561 1534 677 1593 cansa,
690 1516 785 1598 longe
798 1515 1021 1581 clarissimum
1042 1514 1132 1579 bello
1146 1535 1189 1579 ea
1210 1523 1293 1579 tem·

189 1624 323 1701 pestate
345 1618 435 1682 dixit
457 1618 496 1681 Ia
517 1617 691 1700 Papirium
716 1616 937 1696 Cursorem3t
964 1635 986 1680 a
1009 1635 1077 1699 qno
1101 1614 1146 1693 Q.
1167 1614 1293 1680 Fabius

190 1718 366 1783 Maximus
392 1718 598 1783 Rullianns²
625 1716 786 1800 magister
816 1719 965 1801 equitnm
990 1725 1046 1781 est
1070 1716 1205 1781 dictust
1231 1732 1293 1799 par

189 1818 303 1891 nobile
325 1824 426 1885 rebus
447 1822 482 1883 in
496 1838 539 1884 eo
553 1819 749 1901 magistratu
765 1820 883 1901 gestis,
899 1818 1072 1883 discordia
1086 1826 1208 1895 tamen
1222 1836 1293 1902 qna

191 1920 299 2004 prope
323 1920 368 1985 ad
389 1921 541 1985 ultimum
556 1919 784 1984 dimicationis
799 1924 935 1984 ientnm
949 1927 1017 1998 est,
1033 1918 1192 1983 nobilius.
1236 1916 1293 1982 Ab

190 2023 295 2088 altero
318 2022 455 2087 consule
477 2022 511 2086 in
531 2020 684 2087 Vestinis
707 2020 892 2103 multiplex
910 2020 1047 2098 bellum,
1066 2040 1131 2085 nec
1149 2025 1293 2103 nsquam

190 2125 286 2189 vario
308 2130 438 2199 eventu,
461 2128 589 2205 gestum
612 2128 678 2187 est.
723 2122 814 2185 Nam
834 2128 869 2185 ct
889 2122 1098 2205 nonasterii
1119 2140 1230 2202 agros,
1245 2126 1293 2197 et,

192 2224 386 2309 populando
411 2228 512 2307 atque
532 2220 658 2287 urendo
673 2229 769 2288 ‘tecta
790 2222 935 2285 bostium
956 2229 1112 2304 sataque,
1131 2222 1166 2285 in
1186 2221 1293 2285 aciem

193 2327 318 2391 invitos
341 2326 504 2390 extraxit:
535 2331 571 2388 et
594 2322 643 2387 ita
667 2324 786 2407 praelio
810 2341 880 2387 nno
919 2322 1045 2387 accidit
1075 2319 1295 2387 Vestinorum

193 2448 261 2509 res,
282 2430 541 2514 haudquaquam
561 2432 671 2493 temen
694 2428 867 2492 incruento
895 2426 1001 2492 milite
1025 2444 1100 2504 sno,
1118 2432 1240 2491 utnon
1260 2427 1296 2489 in

196 2538 307 2598 castra
322 2532 432 2596 solnm
445 2532 631 2611 relegerent
641 2530 769 2607 hostes,
781 2528 857 2608 sed,
865 2528 938 2612 J‘am
952 2547 995 2592 ue
1008 2530 1098 2594 vallo
1109 2528 1244 2612 quidem
1254 2543 1296 2593 ac

196 2634 300 2699 fossis
324 2634 412 2710 freti,
429 2631 651 2696 dilaberentur
669 2632 704 2695 in
723 2630 862 2714 oppida,
875 2630 945 2694 situ
965 2631 1097 2695 urbium
1109 2631 1298 2695 moenibus·-

197 2755 262 2819 que
278 2754 315 2799 se
330 2734 507 2800 defensuri.
552 2732 726 2798 Postremo
741 2730 869 2815 oppida
884 2750 1020 2815 quoqne
1035 2733 1069 2796 vi
1083 2740 1294 2815 expugnare³

198 2836 344 2913 adortus,
358 2835 468 2918 primo
485 2832 643 2899 Cutinam
662 2833 790 2915 ingenti
805 2833 920 2897 ardore
935 2832 1090 2909 militnm,
1106 2838 1165 2897 aut
1182 2832 1298 2896 vulne·

199 2955 271 3003 rnrn
294 2938 379 3014 ira,··
400 2932 491 3020 quod
514 2934 604 2999 hand
630 2934 700 2999 lere
715 2934 893 3017 qnisquam
911 2933 1037 3015 integer
1052 2933 1166 3015 praelio
1180 2952 1299 2997 exces-

200 3046 297 3120 serat,
322 3040 426 3104 scalis
451 3037 562 3121 cepit:
592 3035 710 3101 deinde
735 3033 950 3115 Cingiliam.¹¹¹
995 3032 1177 3116 Utriusque
1201 3033 1297 3096 urbis

233 3229 252 3253 ¹·
271 3221 315 3273 Vel
324 3236 356 3273 ex
365 3222 490 3273 incudis
500 3235 570 3284 prm
579 3218 753 3269 cocitum
762 3220 858 3280 acepta
868 3215 899 3265 ab
908 3213 1014 3265 belilee
1022 3212 1129 3264 mma.

186 3478 416 3612 4(Εὶιιιειιιὶιιἰιοθιιτοῼπιι
428 3493 531 3546 Dukeri
542 3492 637 3559 probat
650 3492 827 3556 Doering.-2
844 3488 923 3553 Vulg.
942 3486 1138 3538 Rutiliana-⁸
1158 3486 1301 3553 Opprgurre

233 3576 322 3613 rounv.
401 3595 409 3612 .

703 3650 811 3703 NOTAE

205 3772 309 3823 teriorir
326 3771 446 3831 integro
462 3766 650 3830 Neapolitano.
682 3765 732 3815 Ur·
771 3765 798 3815 bi
817 3769 924 3814 extant:
946 3776 1007 3813 nam
1023 3762 1127 3813 cnriltae
1147 3762 1172 3811 lu
1190 3762 1302 3825 Sabinis,

205 3848 276 3898 bium
289 3846 489 3909 caput'l'lreate,
501 3846 578 3908 vulgo
590 3844 672 3893 citeri
682 3843 732 3892 Ar·
772 3855 825 3891 non
844 3841 871 3890 in
892 3840 1005 3889 Samnio.
1037 3837 1189 3899 suspicetur
1208 3836 1302 3887 cluve-

205 3922 427 3986 ebieplrcopatur,
457 3920 525 3969 nude
551 3918 733 3969 Tlreatlnornm
774 3917 827 3966 rina
846 3914 967 3964 mendose
986 3912 1111 3975 scripturn
1130 3914 1302 3978 cumpro

205 4000 291 4051 ordint
306 3997 427 4062 religioro
439 4008 541 4045 nomeu.
773 3990 874 4055 Aaflm,
885 4003 944 4053 qna
956 3987 1040 4038 adhuc
1055 3985 1143 4045 Oscae,
1161 3986 1203 4035 val
1217 3987 1303 4052 Oscae,

239 4075 246 4108 ¹
269 4076 357 4124 Omnes
383 4072 500 4121 miano·
524 4071 614 4135 bonu]
640 4068 731 4133 suppl.
773 4067 842 4115 inter
851 4065 972 4125 Plenam,
981 4062 1302 4126 Aquilam,etPopnllunr.

206 4150 383 4214 prospiciebat
395 4148 516 4197 senetur.
774 4139 806 4190 ln
816 4141 866 4190 boc
878 4147 964 4189 tractu
982 4137 1132 4202 oppidulum
1150 4146 1192 4188 eat
1202 4139 1302 4204 volgari

240 4233 258 4259 ¹
274 4224 479 4275 PriuoCatisnrr
491 4222 639 4271 ....deirrdr
649 4221 734 4281 Cirpi·
775 4216 904 4267 vocabulo
922 4215 1033 4264 Celicre:
1051 4215 1119 4279 qnod
1137 4215 1304 4282 ferteCingt.

209 4298 278 4362 Van]
296 4300 362 4351 linc
373 4298 527 4363 oppidorum
545 4297 646 4347 uomina
659 4296 734 4345 nulli·
776 4291 977 4349 damnatoriam
989 4302 1092 4361 semare
1104 4292 1151 4345 att.
