3150 4942
579 402 651 452 nra.
675 403 725 450 vr.
749 402 832 454 oar.
852 389 907 454 89.
1185 341 1273 462 1⁰01*

181 561 261 608 num
285 558 324 606 se
347 559 467 606 anuum
478 541 549 625 jam
563 543 658 608 velut
680 544 713 607 iu
737 545 844 610 eciem
858 545 884 586 ¹⁶
906 547 1066 618 adversus
1086 555 1269 636 optimates

179 644 330 708 maximo
342 643 495 725 privatim
507 643 670 726 periculo,
685 643 778 709 nullo
789 648 922 730 publice
931 650 1155 717 emolumento
1168 660 1269 722 atara.

181 743 410 808 consenuisse
424 743 496 826 jam
511 763 627 807 seeum
637 749 677 822 et
697 748 881 827 rogationes
895 749 1132 829 promulgatas,
1151 762 1187 818 et
1201 758 1270 822 rim

180 863 311 907 omnem
333 844 516 908 tribuniciae
537 845 728 926 potestatis.
772 845 887 911 Primo
909 849 1147 916 intercessione
1170 856 1272 920 eolle-

179 963 293 1026 garum
318 945 352 1007 in
375 943 464 1025 leges
488 963 570 1008 suas
593 951 775 1026 pugnaturn
797 965 889 1027 esae3
912 948 1033 1013 deinde
1058 952 1268 1034 ablegatione

173 1043 360 1126 juventutis
385 1043 428 1108 ad
458 1042 666 1109 Veliternum
694 1047 840 1113 bouem:
863 1054 1030 1130 postremo
1057 1051 1269 1120 dictatorium

176 1144 303 1208 fulmen
327 1144 363 1209 in
384 1163 420 1207 se
443 1143 651 1208 intentatum.
694 1145 773 1211 Jarn
791 1167 855 1212 neo
875 1149 1035 1230 collegas,
1049 1171 1111 1215 nee
1131 1154 1268 1234 bellun

175 1263 240 1310 nee
263 1245 463 1310 dictatorem
489 1245 643 1324 obstare3
665 1245 792 1328 quippe
815 1248 875 1330 qui
894 1249 994 1312 etiam
1019 1269 1114 1314 omen
1139 1253 1269 1335 plebeio

178 1345 322 1421 consuli,
345 1344 507 1425 magistro
521 1345 670 1426 equitum
686 1365 729 1409 ex
744 1347 844 1428 plebe
859 1348 1014 1425 diceudo,
1039 1348 1178 1417 dederit.
1221 1354 1268 1419 Se

176 1446 285 1527 ipsum
308 1444 444 1528 plebem
470 1451 505 1506 et
524 1445 699 1508 commoda
711 1447 838 1510 morari
857 1455 939 1512 sua:
981 1449 1135 1515 Liberam
1151 1454 1269 1518 urbem

178 1563 220 1610 ae
234 1546 341 1610 forum
357 1564 379 1610 a
393 1543 623 1624 creditoribus,
642 1546 767 1612 liberos
792 1567 889 1630 agros
915 1550 960 1613 ab
984 1550 1119 1632 injustis
1134 1570 1267 1635 posses-

176 1647 310 1710 soribus
334 1645 516 1728 extemplo,
544 1646 575 1710 si
601 1647 693 1724 velit,
722 1648 843 1712 habere
865 1669 977 1732 posse.
1021 1650 1108 1727 Quae
1133 1673 1269 1722 munera

176 1744 311 1828 quando
338 1745 472 1810 tandem
497 1746 579 1810 salis
604 1754 699 1828 grato
723 1749 833 1812 animo
858 1750 1091 1829 aestimaturos,
1120 1754 1163 1831 si,
1183 1756 1269 1820 inter

177 1845 397 1928 accipiendas
414 1845 457 1909 de
482 1845 553 1910 suis
578 1847 762 1912 commodis
785 1851 986 1930 rogationes,
1011 1861 1106 1932 spem
1127 1853 1267 1917 honoris

175 1944 336 2010 latoribus
356 1964 467 2009 earum
482 1946 655 2011 incidenti
679 1947 759 2012 Non
778 1969 855 2012 esse
868 1950 1045 2017 modestiae
1060 1953 1181 2035 populi
1196 1953 1268 2018 Ro·

174 2047 265 2111 mani
278 2046 313 2109 id
328 2046 507 2130 postulare,
529 2053 567 2110 ut
580 2047 655 2128 ipse
670 2047 794 2112 soenere
807 2049 950 2125 leretur,
973 2058 1008 2114 et
1031 2052 1065 2113 in
1087 2065 1202 2133 agrum
1216 2055 1267 2117 in·
1353 2086 1362 2102 κ

170 2148 263 2230 juria
276 2165 471 2230 possessum
486 2165 508 2211 a
521 2147 716 2229 potentibus
736 2148 929 2228 inducatur3
951 2169 1013 2231 per
1034 2166 1119 2232 quos
1133 2169 1174 2214 ea
1188 2171 1268 2216 oon·

176 2253 314 2312 secutus
336 2247 392 2324 sit,
416 2265 512 2312 senes
532 2247 723 2312 tribunicios
737 2267 801 2312 non
823 2250 895 2312 sine
910 2249 1036 2313 bonore
1049 2253 1189 2328 tantuna,
1205 2252 1267 2316 sed

177 2347 277 2412 aliana
292 2347 364 2412 sine
378 2367 439 2430 spe
453 2346 604 2425 honoris,
621 2347 825 2432 relinquat.¹⁷
869 2348 1015 2414 Proinde
1035 2350 1103 2432 ipsi
1124 2351 1267 2434 primurn

176 2455 363 2528 statuerent
376 2446 467 2528 apud
489 2449 626 2525 animos,
649 2448 730 2530 quid
749 2448 893 2513 vellent:
916 2449 1034 2514 deindo
1048 2451 1195 2515 comitiis
1211 2453 1265 2516 tri-

176 2547 351 2614 buniciis¹⁸
360 2555 374 2582 ¹¹
388 2546 594 2612 declararent
608 2548 825 2612 voluntatem.
867 2548 904 2612 Si
918 2549 1118 2631 conjunctim
1128 2549 1206 2615 ferri
1221 2553 1265 2617 ab

177 2667 213 2712 sa
228 2647 457 2731 promulgatas
470 2650 661 2731 rogationes
676 2649 814 2726 vellent,
829 2669 915 2726 ease,
930 2649 1023 2732 quod
1040 2649 1177 2714 eoadem
1192 2651 1267 2714 reii-

177 2755 288 2813 oerent
316 2749 469 2812 tribunos
484 2749 621 2830 plebia:
642 2750 826 2833 perlaturos
851 2750 950 2827 euim,
976 2768 1053 2833 qaae
1079 2751 1264 2834 promulga-

208 2911 218 2941 '
233 2910 330 2960 Plebera
339 2911 385 2960 atti
395 2911 441 2974 ipsi
450 2925 478 2960 aa
487 2909 590 2974 popriir
598 2907 742 2958 utilitatibus
751 2909 941 2972 impedimentum
951 2925 978 2959 oo
987 2926 1078 2961 maa
1087 2913 1184 2978 afferre.

177 3171 209 3217 lo
223 3165 303 3216 Velut·
313 3165 520 3216 urawGronor
531 3167 636 3230 Donjat.
647 3167 723 3216 crer
724 3179 761 3216 er
762 3169 828 3215 -lr
840 3165 915 3228 Gonj.
923 3163 951 3215 J.
962 3161 992 3214 F
1000 3163 1116 3214 Gronov
1125 3164 1257 3282 were

176 3234 241 3280 -18
258 3229 401 3280 Glareanus
412 3231 477 3294 legit
487 3229 595 3280 tribuna

667 3339 774 3390 Nora

175 3439 242 3487 duna
260 3441 368 3500 nepotes
385 3451 452 3499 auos,
467 3435 596 3486 ‘necdum
616 3435 701 3500 positu
740 3441 769 3486 ut
783 3434 914 3485 Glareano
925 3431 1016 3483 abun.
1046 3431 1098 3482 Sed
1114 3439 1200 3483 tamen
1217 3433 1264 3484 du·

175 3511 270 3576 puerili
281 3518 419 3575 pretextu,
430 3510 563 3574 principes
576 3510 700 3573 juventu·
741 3510 810 3560 biorn
830 3523 881 3558 non
898 3516 948 3571 eat,
959 3509 1020 3573 quin
1040 3507 1143 3558 tributis
1154 3509 1265 3559 comitiis

175 3587 209 3635 tia
220 3585 354 3650 appellari,
366 3585 487 3634 destinari
504 3585 630 3647 consules,
642 3598 699 3647 apa·
739 3584 833 3634 fierent
848 3584 945 3634 tribuni
960 3581 1053 3649 plebia,
1066 3584 1159 3648 aliique
1170 3585 1264 3647 magia·

175 3663 216 3712 eia
227 3660 371 3712 recusantia
387 3659 582 3724 flagrantissima
594 3661 700 3725 cupive-
739 3661 822 3709 iratus
834 3659 937 3722 plebeii.
970 3660 1047 3708 Licet
1056 3659 1124 3708 euim
1136 3658 1210 3708 initio
1221 3673 1263 3708 eo·

175 3737 235 3789 rat!
738 3735 819 3784 mitiis
835 3735 940 3784 curiatis
959 3734 1041 3783 ereatl
1057 3734 1186 3796 legantur,
1197 3740 1260 3780 atta·

206 3823 219 3849 ¹
237 3813 348 3863 Cantilia
367 3809 513 3874 ramata]
538 3811 605 3862 liae
626 3810 698 3861 fuera
737 3823 796 3858 rnen
812 3816 871 3873 port
887 3809 969 3872 legem
981 3824 997 3856 a
1008 3806 1122 3856 Publilio
1134 3806 1265 3854 Volerone

173 3889 385 3953 eomitia‚quibur
397 3887 491 3938 tribuni
500 3885 698 3950 plebiaoraandl
738 3888 817 3936 latam
834 3889 943 3936 undio.
958 3885 991 3934 de
1008 3898 1058 3948 qna
1073 3883 1161 3933 Lirin·
1177 3882 1220 3930 lib.
1232 3895 1264 3934 rr.

174 3973 257 4022 eraut,
275 3971 304 4014 et
321 3963 413 4028 quibua
432 3963 576 4012 continuari
596 3966 698 4024 potent
737 3975 760 4011 e.
771 3965 851 4012 aaa
867 3961 974 4023 Dionys.
989 3959 1033 4007 lib.
1045 3958 1081 4006 ir.
1099 3955 1129 4004 ad
1146 3963 1263 4006 extrema

173 4043 318 4092 tribuuntur
334 4040 380 4089 ille
393 4039 423 4090 0.
434 4038 534 4089 Lieinlo
545 4043 572 4087 et
583 4037 615 4087 b.
633 4037 696 4086 Sex·
737 4049 820 4099 usqne
830 4042 947 4100 tempora
954 4033 1065 4085 oonaltiia
1076 4031 1178 4082 inbutis
1189 4047 1262 4084 orea-

175 4118 221 4166 tio.
259 4117 319 4167 Nou
341 4121 382 4164 eat
402 4115 499 4179 itaque.
518 4127 564 4164 aar
584 4119 698 4163 mutetur
739 4109 841 4158 banmr.

175 4193 320 4257 quiequam,
331 4197 376 4240 rut
393 4203 439 4239 eur
458 4191 580 4253 legamus,
592 4187 697 4250 tributis

206 4307 210 4313 -
240 4271 361 4334 ΜΡΝ
376 4269 528 4320 Vacua..
689 4263 782 4314 Lirim.
1018 4335 1023 4344 ο
1142 4259 1197 4309 Π
