3150 4942
550 456 623 503 ura.
649 456 727 503 vrrr.
752 456 833 503 cau.
855 438 911 505 28.
1195 441 1284 509 true

181 616 303 683 meque
322 596 586 665 miscricordiam
602 596 723 664 elicere
742 604 889 680 poteret,
912 596 957 661 ad
970 596 1142 667 libidinem
1152 606 1188 663 et
1199 614 1282 667 eou-

183 700 353 771 tumeliam
368 700 517 766 animum
532 698 773 765 accenderunt:
794 706 842 776 et,
855 698 971 765 florem
984 700 1095 766 etam
1108 699 1182 783 ejne
1195 702 1285 767 truci

182 809 254 867 tum
264 800 482 873 adventitium
493 799 609 865 crediti
621 798 734 877 ratoa,¹
744 800 852 882 primo
860 800 1023 883 perlicere
1033 801 1283 870 adolescentem

184 920 337 977 sermone
348 903 477 967 incesto
491 906 541 967 eat
552 904 711 967 conatus:
731 899 821 979 dein,
831 906 1012 985 poetqnam
1022 905 1285 986 aspernabantur

184 1002 345 1083 flagitium
369 1019 482 1080 auree,
495 1000 592 1069 miuie
616 1001 764 1067 territare
787 1008 890 1085 atque
907 1002 1088 1069 identidem
1102 1004 1286 1073 muronere

183 1092 345 1176 fortunae:
369 1108 549 1185 postremo,
565 1122 642 1168 cum
658 1103 875 1183 ingenuitatis
888 1105 1006 1185 megia,
1022 1122 1124 1188 quam
1138 1125 1283 1189 praeacu-

184 1207 226 1271 tis
247 1203 461 1282 conditionis,
476 1222 655 1269 memorem
670 1204 812 1279 videret,
825 1203 945 1271 nudari
953 1204 1062 1288 jubet,
1078 1208 1287 1293 verberaque

184 1306 304 1371 afferri.
348 1303 484 1384 Quibus
497 1306 663 1374 laceratae
673 1304 910 1387 juveniacum
925 1326 963 1373 ee
975 1306 1010 1371 iu
1023 1308 1195 1389 pubiicum
1210 1329 1284 1392 pro-

185 1408 352 1490 ripuisset.
365 1406 538 1472 libidinem
561 1405 860 1490 crudelitatemque
881 1426 1089 1497 conquerens
1103 1408 1287 1475 toeucrato·

187 1510 246 1585 rie,
270 1509 385 1591 ingene
410 1509 463 1573 vis
489 1507 674 1585 homiuum,
699 1525 776 1573 curn
801 1509 913 1574 eetatie
942 1509 1156 1581 miseratione
1179 1516 1285 1595 atque

187 1608 382 1692 indignitate
402 1610 533 1694 iujuriae
556 1626 711 1685 accensa,
727 1616 796 1675 tum
816 1629 888 1677 eoa
910 1610 1112 1678 conditionis
1129 1611 1287 1679 liberum·-

188 1730 255 1796 que
270 1730 406 1787 suorum
421 1718 590 1795 respectu,
604 1711 638 1776 in
656 1710 775 1789 forato,
796 1719 899 1795 atque
921 1712 1013 1791 inde,
1033 1714 1163 1796 agmine
1180 1714 1289 1789 fecto,-

187 1812 230 1879 ad
256 1814 381 1882 curiam
402 1812 588 1891 concurrit;
610 1819 645 1877 et
667 1830 743 1877 cnm
765 1813 933 1890 conandae,
948 1814 1094 1879 tumultu
1111 1814 1286 1897 repentino

188 1915 312 1991 coacti,
328 1923 483 1985 senatum
496 1920 661 1990 vocarent,
675 1912 922 1982 introeuntibus
935 1916 971 1981 in
982 1917 1108 1983 curiam
1124 1915 1288 1983 Patribus

187 2014 372 2079 laceratum
387 2015 523 2098 juvenis
537 2021 661 2096 tergum
675 2016 934 2096 procumbentes
949 2016 993 2079 ad
1007 2016 1211 2096 singulorum
1224 2036 1284 2098 pe·

189 2116 250 2181 dee
266 2117 492 2181 ostentabant.
519 2114 656 2180 Victum
665 2114 690 2154 ¹⁸
700 2134 741 2179 eo
756 2114 826 2179 die‘
839 2116 883 2179 ob
898 2118 1113 2198 impotentem
1128 2116 1286 2201 injuriam

188 2216 288 2281 onius
302 2219 417 2301 iugens
430 2216 599 2281 vinculum
613 2214 709 2279 fidei:
728 2216 888 2299 jussique
899 2217 1055 2281 consules
1067 2216 1152 2281 serre
1168 2216 1211 2283 ad
1226 2237 1287 2300 po·

189 2318 322 2402 pulum,
337 2338 378 2383 ne
401 2319 489 2401 quis,
504 2319 570 2383 uiui
585 2317 644 2400 qui
666 2335 792 2381 noxam
807 2312 1006 2394 manutenent,d
1026 2315 1135 2381 donec
1150 2336 1286 2399 poenom

188 2422 307 2496 lueret,
319 2420 352 2483 iu
367 2419 587 2504 compedibus
603 2428 664 2483 aut
677 2418 712 2481 iu
727 2436 828 2482 neruo
844 2422 1025 2482 teneretur:
1048 2419 1201 2501 pecuniae
1216 2439 1287 2484 cre·

191 2522 269 2587 ditae
284 2522 373 2585 bona
387 2520 558 2596 debitoris,
572 2538 639 2585 nou
655 2538 779 2603 corpus
794 2519 978 2583 obnoxium
993 2528 1095 2585 eeaet.
1138 2520 1194 2585 Ita
1208 2520 1289 2585 nexi

191 2624 292 2689 uoluti
301 2610 333 2704 γ’
353 2628 556 2704 cantumque
569 2620 603 2685 in
617 2626 798 2703 poetemm,
813 2636 854 2683 ue
868 2625 1082 2687 necterentur.

223 2790 230 2823 ⁸
248 2792 437 2841 Emlaaremm
446 2788 597 2839 amrium
605 2785 712 2852 pecario
722 2788 828 2843 credita,
837 2791 862 2835 el
872 2785 1019 2836 atrimae
1031 2785 1165 2835 edueaim.

193 3068 202 3112 t
227 3002 255 3049 17
273 2998 359 3062 Liguri
370 2996 428 3049 rexi
439 2997 486 3049 ud.
498 2996 615 3049 Gronov.
626 3002 654 3047 et
666 2958 732 3047 ldae.
745 2994 935 3046 nonnulli-18
951 2993 1028 3058 Legit
1038 2993 1102 3043 Tan·
1117 2993 1212 3056 Faber,
1223 2995 1290 3056 Rap-

205 3079 252 3114 m,
698 3088 701 3095 .

687 3137 796 3191 Nom

226 3250 236 3277 ⁸
267 3242 362 3295 Ventura
379 3254 406 3291 eo
429 3240 481 3304 die]
511 3238 637 3291 Gratulor
656 3238 722 3289 Tan.
795 3236 971 3293 ‘Quaem
985 3232 1118 3299 manu]
1133 3235 1236 3285 Naxum
1250 3235 1290 3283 vel

195 3320 290 3380 unum,
301 3318 368 3383 quod
385 3322 479 3380 raptae
491 3318 540 3367 boc
559 3316 616 3365 loco
628 3313 723 3378 probet
763 3312 866 3361 noxiam
891 3310 985 3361 urereri
1001 3310 1125 3361 dieantur
1142 3309 1215 3374 (uam
1233 3310 1293 3359 bec

195 3397 326 3460 prodicta:
342 3393 473 3447 vinculum
489 3393 556 3443 enim
576 3404 625 3440 non
643 3388 722 3449 vinci,
763 3386 969 3450 duoprcmieetre
984 3386 1051 3437 euml
1068 3398 1162 3434 novum
1173 3400 1224 3434 non
1235 3385 1292 3448 eet)

196 3474 241 3521 ned
260 3472 342 3535 rumpi
356 3470 458 3534 proprie
468 3467 574 3517 direrir.
607 3466 681 3527 virg.
691 3478 723 3514 rr·
764 3462 807 3527 qui
827 3462 862 3513 ob
881 3462 984 3525 eulpam
1011 3459 1165 3511 &metumve
1190 3462 1290 3511 illatum

87 3572 90 3579 ¹
197 3543 488 3611 manutentorem,
500 3544 554 3593 leto
566 3556 615 3598 me,
627 3550 654 3592 et
668 3542 722 3590 vla·
763 3536 1292 3602 poeneobnoxioeaeipeireddunt.1ta

195 3624 254 3675 cula
263 3622 339 3683 rupi.'
360 3617 723 3681 Vellemcodexatiuuieccr·
763 3628 833 3665 nera
854 3613 895 3663 eei
916 3613 993 3663 noxia
1013 3626 1062 3676 pro
1082 3612 1190 3662 crimine
1211 3614 1291 3663 velet.

195 3698 336 3751 rectionem
355 3694 480 3748 firmaret.
513 3693 610 3742 Veruru
627 3690 724 3741 vinculi
765 3688 835 3740 Hinc
855 3689 925 3752 apud
945 3689 1143 3752 juriacomultor
1169 3690 1290 3737 ‘eerrnm

196 3787 288 3827 nomeu
299 3772 341 3823 iric
352 3771 461 3835 figurate
472 3770 585 3819 numitor
603 3781 649 3830 pao
668 3766 724 3828 ipra
763 3781 839 3817 neate
851 3766 948 3817 dedere
957 3764 964 3785 '
973 3772 1024 3829 eet,
1035 3765 1062 3813 in
1073 3778 1174 3827 ponam
1186 3778 1234 3826 pro
1244 3762 1291 3812 de-

195 3848 247 3901 iide
267 3848 453 3913 publicaque
474 3843 724 3895 nominenumine
763 3843 827 3893 licto
842 3842 1017 3893 commeritanr
1030 3840 1141 3890 tradere.
1175 3840 1211 3890 Et
1222 3840 1292 3901 apud

195 3924 263 3975 uodo
280 3922 391 3988 quodam
412 3919 524 3969 invicem
539 3916 723 3981 obstringunt:
764 3919 851 3968 Plaut.
861 3918 957 3981 legitor
975 3916 1103 3967 ‘aculem
1119 3914 1247 3977 eaetigare
1258 3915 1292 3965 ob

195 4002 249 4065 eju·
265 3995 495 4050 antemrimt'aeti
510 3994 584 4056 baina
600 3994 724 4045 atrociter
765 3996 884 4045 meritam
910 3989 1041 4042 nnxleme’·
1072 3989 1163 4039 eedem
1191 3991 1293 4043 rerione

196 4076 346 4127 riciaeedtel
359 4079 456 4137 potent·
473 4070 580 4123 lutrae.
592 4072 633 4119 tu.
650 4068 724 4121 'lin
764 4070 862 4119 nauta
882 4068 925 4117 eet
946 4078 1022 4129 penna
1044 4064 1171 4115 comitti
1187 4065 1291 4116 dieitur.

192 4156 316 4218 jactarem
334 4150 499 4201 dictatoriam
518 4154 546 4197 et
561 4146 723 4209 dieclplineor
766 4144 860 4208 ltaque
879 4143 925 4206 qni
953 4154 1047 4190 nexam
1072 4141 1216 4203 merciaeet,
1241 4145 1292 4204 ert,
1381 4152 1390 4167 .

197 4230 334 4283 utilitatem
354 4243 370 4278 a
389 4226 515 4290 megietro
536 4223 652 4288 equitum
673 4222 724 4273 vic·
765 4220 810 4285 qai
822 4215 1083 4269 etncaliroberimen
1092 4217 1293 4283 petretumdig·

198 4302 434 4359 tametererrern.'
672 4350 673 4355 ,
765 4300 902 4347 nneerret·
