3150 4942
283 439 349 504 924
753 449 787 495 n.
811 426 908 496 nutu

317 593 395 642 bonel
412 591 478 654 ejun,
497 595 527 639 el
544 603 645 639 ornnem
664 586 735 635 dicit.
767 590 806 635 ill.
824 583 856 634 ln
867 597 999 634 cercerern
1010 582 1128 644 docitem
1146 589 1174 632 et
1185 595 1278 646 megne
1294 578 1374 645 pieble

318 688 378 737 pere
390 679 487 720 nentem
499 676 590 718 mutet.
622 669 680 718 Jetn
697 665 763 714 hentl
782 665 872 728 procul
889 663 1014 713 reditione
1031 677 1072 711 ree
1089 669 1146 722 enit
1163 663 1238 726 cm'oe
1248 661 1374 712 icnlende

316 765 393 800 onore
405 758 510 798 neuntnn
522 748 651 797 Setrienm
662 745 786 794 coionieut
798 742 893 792 deduci
899 743 986 806 jobet.
1021 746 1060 792 lt.
1078 743 1116 790 Ee
1125 743 1250 805 gliscente
1260 756 1293 790 en
1305 741 1375 791 sen

317 831 429 880 Mentior
442 828 550 878 vincnlle
562 825 694 876 liberetur.
728 827 768 872 te.
784 825 848 872 ‘ium
863 823 916 884 ille,
927 822 1027 884 plenior
1037 821 1168 884 eliquanto
1180 821 1256 870 enimi
1269 821 1375 885 ireque,

315 907 443 957 reditionis
454 905 618 955 concionibon
624 903 679 967 jem
691 917 738 965 per
754 917 781 952 ee
798 915 932 950 ecoeorern
943 901 1045 965 plebem
1057 901 1159 956 incitet,
1170 908 1198 950 et
1208 915 1267 949 enrn
1279 901 1375 962 princi·

317 989 391 1050 pibun
402 984 512 1036 interdiu
525 991 651 1046 noctuque
664 983 745 1045 egitet
763 981 869 1030 coneilio
889 993 973 1030 rernm
991 980 1175 1028 novenderom.
1207 983 1247 1028 to.
1264 978 1375 1028 Seneton

315 1066 443 1126 decernit,
456 1071 484 1112 ut
497 1061 600 1111 nideent
611 1062 783 1122 megielretun,
802 1073 835 1106 ne
852 1059 911 1121 qnid
923 1073 993 1120 renp.
1005 1057 1156 1107 detrimenti
1166 1058 1270 1119 oepiet:
1288 1064 1316 1104 et
1326 1057 1375 1120 ipei

316 1157 417 1209 quoque
430 1141 524 1190 tribuni
536 1139 626 1202 plebio,
638 1141 697 1202 qnle
707 1137 816 1192 eundem
828 1144 854 1185 et
865 1150 918 1186 nne
931 1137 1075 1200 potentetlr‚
1086 1151 1161 1200 quem
1173 1135 1303 1185 libertatis·
1321 1149 1374 1183 om·

315 1224 394 1287 nium,
407 1221 483 1270 finem
496 1226 614 1276 cernunt,
625 1219 734 1267 Petrum
746 1217 896 1266 auctoritati
907 1231 934 1266 te
946 1215 1052 1264 dedunt.
1086 1217 1125 1264 Ex
1136 1215 1175 1263 inin
1187 1214 1296 1275 dno,ii1.
1307 1215 1373 1262 Mre-

315 1303 371 1350 niun
382 1308 410 1349 et
421 1299 453 1351 Q·
466 1297 603 1354 Publilius,
612 1297 711 1344 Meulio
721 1297 786 1344 diem
799 1293 888 1343 dicere
898 1302 1024 1344 ntetount.
1056 1297 1097 1344 2⁰.
1113 1295 1172 1345 Quo
1182 1292 1254 1342 iecto
1264 1307 1374 1342 commo·

313 1389 388 1429 vetur
401 1378 483 1440 plebe,
496 1377 585 1440 utique
598 1384 730 1440 postquem
745 1374 826 1424 eoiom
839 1387 920 1433 retro,
931 1381 959 1422 et
968 1387 1002 1422 ne
1013 1372 1106 1424 iretren
1118 1373 1220 1438 peridem
1233 1373 1375 1436 proximon-

314 1471 363 1523 que
374 1455 518 1505 eordideton
529 1455 633 1503 vident:
651 1462 679 1504 et
690 1453 829 1504 demoeudi
840 1467 910 1502 more
921 1453 951 1502 ile
963 1467 1013 1502 non
1026 1455 1051 1502 in
1062 1469 1140 1503 cente
1152 1460 1200 1508 eet,
1211 1453 1257 1502 eed
1269 1454 1295 1501 in
1306 1453 1372 1515 ioco,

313 1551 345 1586 ex
356 1550 406 1600 qno
418 1535 571 1598 Capitolium
583 1549 598 1582 e
609 1533 707 1582 Meniio
718 1543 849 1582 nervetnnn
869 1532 985 1596 conopici
999 1540 1095 1595 potent.
1127 1533 1186 1582 Ono
1202 1539 1302 1581 mnteto
1312 1545 1372 1581 con-

313 1614 449 1664 demnetur
465 1621 492 1661 et
509 1611 542 1660 de
560 1625 622 1661 nexo
636 1612 746 1674 Terpeio
764 1611 895 1674 dejicitur.
928 1612 983 1664 Lex
995 1612 1068 1660 niuml
1080 1610 1172 1675 fertur,
1183 1626 1216 1661 ne
1226 1612 1282 1676 qoie
1293 1609 1374 1674 petri·

313 1695 367 1742 cine
386 1693 411 1739 in
428 1703 486 1738 erce
505 1690 614 1745 hebitet,
633 1697 661 1738 et
678 1690 764 1754 gentis
782 1690 889 1739 Mentioe
908 1690 1013 1740 decreto
1033 1697 1149 1752 curetur,
1168 1706 1200 1739 ne
1212 1692 1269 1756 quin
1280 1690 1373 1741 deinde

313 1772 352 1820 M.
365 1769 476 1820 Manlius
489 1777 605 1818 nocetur.

280 1854 322 1900 21.
339 1849 500 1903 Pestilentie,
511 1848 602 1912 femen,
618 1856 645 1897 el
661 1848 795 1911 multiplex
808 1847 911 1896 bellurn.
946 1847 1014 1897 Nori
1027 1848 1114 1896 lnonter
1125 1849 1250 1898 hunvini
1262 1855 1289 1898 et
1299 1850 1372 1900 Pro·

313 1927 415 1978 centini.
448 1928 617 1988 Quinquenlri
630 1926 750 1976 Pomtiuo
762 1940 824 1987 egro
835 1925 985 1986 dividendo,
995 1934 1022 1974 et
1034 1927 1160 1975 triumviri
1169 1929 1276 1976 colonie
1284 1929 1373 1992 Nepe-

313 2016 340 2057 te
352 2005 509 2055 dedrreendoe
521 2005 612 2054 crecti.
638 2011 679 2055 112.
692 2006 816 2055 Veliterni
829 2005 903 2064 victi,
914 2013 942 2053 et
954 2006 1048 2054 bellunm
1061 2005 1227 2054 Proenentinln
1238 2005 1371 2058 indictum.

312 2086 432 2134 Volscum
451 2084 545 2134 belluni
562 2085 600 2133 M.
613 2083 688 2133 Furio
699 2085 816 2146 cornilio,
831 2093 932 2134 ennete
947 2085 1002 2148 jem
1021 2086 1117 2146 etntie,
1128 2085 1174 2134 ned
1186 2087 1273 2149 vegeti
1290 2087 1372 2136 editoe

313 2165 407 2228 ingenii
420 2164 549 2226 animique
561 2165 626 2226 niro,
635 2169 710 2212 extre
721 2163 837 2212 ordinem
849 2162 993 2224 decretum,
1004 2171 1031 2212 et
1043 2164 1146 2226 adjutor
1156 2179 1189 2212 en
1202 2165 1309 2214 tribuni·
1320 2166 1373 2214 enil.

311 2258 334 2292 o.
348 2259 372 2306 p.
384 2250 453 2292 nocte
470 2244 500 2292 L·
512 2243 603 2290 Furiue
619 2241 705 2291 detns-
736 2245 777 2290 it.
797 2239 882 2290 lintion
893 2242 1024 2304 pnpnendi
1041 2242 1110 2290 idem
1127 2250 1166 2291 eet
1183 2242 1283 2292 Voltcie
1299 2251 1328 2293 et
1344 2245 1373 2295 L.

313 2323 397 2376 Furio.
414 2321 457 2370 oni
473 2322 574 2382 college
590 2320 668 2368 cedit.
698 2323 740 2368 24.
759 2319 836 2368 Acies
848 2319 921 2367 Rom.
935 2321 990 2382 jem
1003 2321 1128 2370 lucllnnte
1139 2323 1287 2372 reetitnitnr
1297 2337 1312 2372 e
1323 2324 1373 2373 Ce-

311 2402 389 2456 ntillo‚
399 2406 426 2448 et
436 2401 525 2449 horton
534 2398 684 2447 funduntur.
715 2402 756 2446 2⁶.
772 2399 840 2449 Quin
851 2399 920 2446 inter
928 2400 1046 2461 ceptivoe
1052 2399 1194 2451 Tnecnleni
1204 2402 1303 2464 eliqnot
1314 2415 1373 2452 not·

311 2481 432 2542 citentur,
442 2479 538 2528 bellum
549 2478 587 2527 irie
595 2479 672 2527 eociie
684 2477 814 2533 indicitur,
825 2479 1010 2542 intenditurque
1017 2479 1135 2541 cendio,
1142 2481 1187 2542 qui
1197 2489 1291 2529 contre
1301 2488 1373 2545 np'enn

310 2561 421 2608 omnium
440 2557 582 2621 adjutorem
599 2566 674 2621 optet
691 2557 800 2606 eundern
816 2558 848 2606 L.
864 2557 978 2606 Furium.
1008 2558 1146 2608 Tuecnleni
1164 2559 1223 2610 vim.
1241 2560 1315 2608 Rom.
1332 2576 1373 2609 en·

309 2647 368 2688 cent
381 2652 444 2700 pnce
455 2639 593 2687 coneteoti.
627 2641 667 2687 16.
685 2638 747 2686 Entn
767 2638 825 2685 et'e
840 2645 930 2686 eeoetu
949 2636 1025 2687 Rorn-
1037 2638 1189 2701 impetrent,
1200 2646 1228 2688 et
1240 2653 1298 2689 oron
1310 2642 1373 2690 eiri-

311 2725 399 2767 tetem.

275 2801 316 2846 il.
333 2797 460 2845 Centoree
479 2802 611 2854 creentur,
629 2803 658 2842 ut
676 2808 755 2844 centu
773 2795 893 2844 inetitnto
912 2808 1011 2844 rumrne
1029 2797 1088 2846 erie
1105 2797 1180 2846 elleni
1192 2807 1220 2846 et
1231 2796 1370 2849 iecrnitetee

309 2875 403 2924 elvintn
416 2880 613 2936 cognoecentnr.
646 2872 699 2921 Sed
717 2887 781 2922 unni
799 2889 887 2923 eornm
905 2876 1060 2935 monitnr‚et
1079 2877 1133 2938 elii,
1145 2877 1310 2936 nitio‘crentl‚
1321 2893 1372 2928 non

308 2961 402 3017 genunt
413 2951 588 3012 mnpirtrnlum
599 2967 605 3000 :
624 2952 714 3001 tettioe
726 2967 788 3002 nero
799 2951 892 3016 rudici,
903 2956 993 3017 religio
1004 2964 1053 3005 eet.
1086 2957 1151 3005 Enm
1162 2971 1221 3006 eene
1232 2957 1372 3009 lodiliceti·

308 3047 382 3080 onem
395 3029 477 3093 plebio
489 3029 585 3079 tribuni
596 3028 695 3092 dicunt,
704 3039 732 3080 et
743 3030 775 3079 ed
787 3032 942 3080 Preneetini
953 3033 1047 3082 lentem
1058 3034 1119 3083 belli
1131 3034 1245 3085 edictum
1261 3033 1371 3098 impedi·

307 3116 356 3157 ont
375 3107 522 3157 delectum:
540 3121 624 3172 nequo
646 3108 714 3158 eliud
733 3109 765 3158 etl
786 3110 939 3158 reditionem
959 3112 1169 3172 extinguendum,
1189 3129 1266 3178 qoem
1289 3128 1371 3179 prope

308 3185 407 3235 iiietunt
419 3186 483 3235 Urbi
496 3185 601 3248 bellurn,
615 3187 691 3237 uniet.
718 3191 759 3236 18.
777 3187 901 3237 Dictetor
911 3188 1006 3238 dicitur
1016 3191 1047 3239 Τ.
1056 3191 1180 3241 Quintius
1191 3193 1369 3257 Cincinnetne,

308 3271 336 3314 et
347 3261 485 3314 confestim
495 3267 581 3316 booten
599 3281 614 3316 n
631 3267 756 3318 moenibur
774 3266 906 3319 recedunt.
939 3273 979 3318 19.
998 3270 1152 3319 Preneetini
1165 3271 1198 3318 ed
1211 3270 1304 3322 Alliern
1317 3276 1371 3325 rin·

307 3351 412 3409 cuntur,
423 3347 609 3411 cepiuntorqne
621 3361 708 3397 eorum
728 3361 768 3396 ιι.
787 3347 891 3410 oppido.
925 3349 1048 3399 Dictator
1062 3349 1209 3412 triumphet.
1219 3351 1371 3419 elpnnnnqne

308 3423 382 3475 Jorie
403 3424 582 3487 imperetorin,
601 3428 736 3476 Prenente
756 3425 904 3488 devectum,
922 3428 950 3475 ln
971 3428 1127 3491 Cepltolinrn
1149 3427 1211 3480 tect.
1244 3435 1285 3481 no.
1303 3433 1370 3483 Tres

308 3504 405 3553 tribuni
418 3504 470 3552 mii.
481 3519 506 3553 c.
518 3519 543 3566 p.
555 3519 588 3553 ex
601 3506 724 3554 Petrlbon
741 3512 769 3555 et
787 3506 894 3554 totidem
910 3519 942 3555 en
959 3507 1035 3568 plebe
1046 3517 1176 3558 creentur.
1209 3510 1299 3562 Volcei
1310 3527 1370 3576 pto·

309 3585 392 3632 vinoie
404 3583 458 3632 niue
469 3588 539 3632 rorte
550 3593 578 3633 et
587 3585 792 3648 comperetione‚
810 3591 886 3634 extre
903 3584 1029 3645 ordinem,
1039 3587 1117 3636 detor
1127 3589 1159 3638 P.
1169 3597 1196 3638 et
1207 3591 1238 3640 C·
1247 3592 1368 3642 Menlilr:

309 3677 400 3726 reoque
411 3663 455 3724 ibi,
468 3664 615 3712 temeritete
632 3672 661 3713 et
677 3665 781 3712 inicitle
792 3665 884 3713 ducunt
903 3666 1023 3728 prodite,
1033 3668 1141 3718 militum
1152 3670 1250 3718 virtute
1267 3673 1370 3721 tentitu·

309 3750 394 3790 untur.
426 3745 467 3789 nl.
485 3741 529 3790 AEe
550 3743 661 3792 nlleuom
682 3745 793 3792 meterin
811 3751 839 3794 et
858 3759 937 3794 cettee
953 3746 1099 3796 reditionin.
1133 3746 1197 3811 Apri
1219 3749 1370 3801 Volecorune

308 3827 453 3869 vertentur.
485 3823 525 3869 11.
543 3822 644 3871 Nonum
655 3822 737 3872 ioeuue
748 3824 907 3874 contreinitur
918 3826 1014 3875 tribulo
1024 3827 1050 3876 in
1062 3841 1160 3876 mutnm
1172 3831 1371 3893 uanoquedreto

309 3897 466 3961 ficientium,
476 3906 504 3948 et
514 3907 621 3964 optetur
637 3901 744 3965 irurtre,
761 3911 790 3952 ut
803 3903 847 3967 jne
858 3902 891 3952 de
907 3906 1017 3967 pecunie
1027 3906 1127 3955 credite
1137 3906 1250 3955 dicetur.
1282 3909 1370 3960 Letini

309 3976 448 4040 Voltcique
467 3977 609 4030 funduntur
626 3981 658 4030 ed
678 3981 807 4031 Setricurn
827 3991 854 4032 et
872 3981 987 4032 Antium.
1018 3988 1059 4034 tt.
1077 3984 1197 4033 Antiatee
1217 3987 1370 4037 nocietetenn

310 4069 369 4105 cnm
382 4057 480 4105 Letinie
493 4057 646 4117 dinnolruut,
658 4067 685 4110 et
701 4062 824 4111 Romenie
840 4060 937 4111 dedunt
954 4062 1042 4113 orbem
1059 4076 1191 4126 ngrorque.
1225 4065 1312 4115 Letioi
1323 4068 1370 4116 Se·

312 4135 406 4184 tticum
418 4145 583 4188 concrement
594 4140 657 4202 igni.
676 4150 703 4190 et
719 4141 859 4190 Trinonlont
877 4141 984 4205 cepinnt
1001 4149 1096 4205 preter
1107 4155 1208 4191 encem:
1226 4145 1273 4195 sed
1285 4159 1344 4195 mox
1354 4160 1371 4194 e
1439 4169 1447 4178 ·

315 4214 434 4264 ilomnnit
446 4216 579 4266 ceduntur
591 4218 623 4268 ed
635 4233 710 4270 onum
722 4235 819 4270 omues.
