3150 4942
574 397 645 445 niu.
669 364 735 444 vu.
759 399 841 452 usu.
863 382 897 446 7.
1197 381 1283 448 1031

186 547 316 606 ceteros
339 539 381 604 ad
407 538 616 604 mmulundas
632 537 769 602 virtutes
785 540 887 604 ucuit.
933 538 1057 622 Neque
1080 540 1217 620 segnius
1238 540 1282 604 ud

185 643 299 706 hostes
313 641 439 705 bellum
455 637 700 723 apparatur‚²⁰¹‘
725 641 796 723 qui,
820 647 853 704 et
865 641 953 722 paru
969 648 1046 704 ante
1062 640 1193 705 decoris
1214 661 1285 703 me·

187 761 308 819 mores,
326 761 433 824 neque
445 741 549 823 ignari
566 746 738 804 aucturum
753 740 873 804 virium
887 736 1039 818 hostis,¹¹
1053 760 1135 804 suus
1147 759 1282 835 quoque

188 843 276 906 vires
300 849 430 922 augent.
486 841 594 906 Omne
621 842 809 906 Hernicum
833 860 967 919 nomeu,
992 842 1101 906 omnis
1128 842 1283 906 militaris

188 950 272 1008 aetus
288 945 429 1006 excitur.
475 940 795 1026 Quadringenuriae²
820 950 896 1006 octo
920 944 1107 1019 cohortes,¹¹²
1129 943 1282 1008 lecturu-

187 1044 271 1107 boru
294 1044 450 1120 virorum,
476 1044 677 1107 scribuntur.
724 1043 823 1107 Hunc
848 1044 1005 1108 eximium
1027 1044 1144 1107 florem
1164 1043 1283 1125 juven·

188 1144 272 1208 tutis
288 1164 330 1209 ec
347 1145 462 1221 etium,
478 1145 580 1226 quod,
594 1151 631 1209 ut
644 1144 771 1226 duplex
787 1145 979 1226 acciperent
999 1143 1209 1227 stipendium,
1225 1144 1289 1208 de-·

191 1251 372 1316 creverunt,
384 1243 459 1326 spei
475 1245 727 1328 animorumque
737 1245 930 1327 implevere.
969 1246 1136 1309 Immunes
1147 1263 1285 1328 quoque

191 1352 357 1432 qperum¹¹
380 1345 573 1409 militarium
595 1355 701 1426 eruut,
726 1351 774 1423 ut,
799 1348 833 1409 iu
859 1366 963 1409 uuum
989 1365 1111 1428 puguse
1133 1346 1290 1409 laborem.

191 1447 362 1517 reservati,
387 1447 465 1529 plus
495 1445 573 1520 sibi,
602 1465 700 1528 quum
730 1466 791 1529 pru
819 1447 908 1511 virili
935 1452 1040 1530 purte,
1066 1446 1291 1510 annitendum*

191 1547 321 1610 scireut.
366 1546 473 1611 Extra
499 1547 649 1611 ordinem
676 1549 777 1612 etium
802 1550 837 1611 iu
860 1549 936 1613 scie
961 1548 1078 1624 locuti,
1110 1567 1180 1630 quo
1204 1566 1287 1612 cuu-

191 1649 338 1730 spuctior
352 1649 456 1712 virtus
471 1654 569 1712 esset.
616 1648 729 1713 Duum
743 1649 885 1713 millium
908 1649 1072 1733 planicies
1087 1655 1197 1713 castra
1213 1647 1285 1712 Ru-

192 1765 290 1812 manu
318 1750 361 1813 ub
392 1749 553 1812 Hernicis
587 1749 777 1815 dirimebat:
811 1751 859 1814 ibi
889 1750 962 1832 puri
990 1750 1092 1813 ferme
1120 1748 1289 1830 utrimque

193 1849 303 1929 spatio
316 1849 349 1912 iu
364 1849 476 1913 medio
491 1857 677 1932 pugnatum
692 1854 753 1913 est.
798 1849 915 1914 Primo
937 1850 1032 1914 stetit
1055 1850 1209 1930 ambigua
1224 1868 1288 1931 spe

192 1969 323 2033 puguu;
345 1952 569 2033 nequicquam
593 1971 685 2033 saepe
707 1953 838 2015 conatis
852 1950 1026 2034 equitibus
1041 1949 1208 2014 Romuuis
1223 1949 1289 2014 im·

192 2057 272 2131 petu
297 2052 427 2115 turbare
445 2052 593 2116 hostium
618 2051 735 2115 aciem.
784 2050 971 2135 Postquam
993 2050 1159 2133 equestris
1174 2069 1288 2130 puguu

194 2150 323 2227 effectu,
345 2171 444 2236 quam
457 2154 649 2226 conatibus',
667 2153 782 2215 vanior
797 2156 890 2229 crat3
913 2151 1066 2214 consulto
1077 2151 1169 2231 prius
1183 2149 1292 2214 dictu·

195 2257 269 2315 turc
284 2253 426 2336 equites,
441 2253 607 2335 permissu
623 2251 743 2316 deinde
759 2253 845 2336 ejus,
859 2251 984 2316 relictis
999 2252 1122 2334 equitur
1144 2251 1293 2316 clamore

651 2429 833 2451 “Menneu

149 2563 155 2570 ·
227 2549 259 2596 2⁰
276 2545 351 2594 vett.
370 2544 434 2595 libb.
452 2545 495 2594 ulii
515 2545 598 2608 Neque
614 2548 710 2608 segnius
725 2549 788 2610 upsd
803 2547 882 2596 lucter
892 2547 977 2596 lelium
993 2551 1136 2610 apparatur:
1154 2547 1196 2595 slii
1211 2546 1293 2610 Neque

194 2609 291 2670 segnius
302 2615 325 2658 et
337 2610 413 2658 muer
424 2609 507 2659 tellum
517 2615 690 2686 suppurunt-l
709 2611 786 2674 Cunj.
805 2611 831 2662 J.
843 2611 871 2661 1².
889 2611 1005 2660 Gronov·
1021 2611 1140 2662 licem-2
1158 2611 1211 2659 Alii
1228 2611 1292 2666 Quu-

689 2774 800 2824 Nom

227 2864 240 2899 ¹
256 2865 380 2916 Adducta
388 2867 472 2916 tellum
480 2866 623 2930 apparatur]
635 2868 724 2932 Sigon.
765 2869 849 2920 octies
866 2869 993 2931 repetitus
1011 2867 1063 2917 tric
1082 2869 1194 2918 virorum
1214 2867 1296 2916 millis

194 2941 311 3002 reposuit
322 2955 354 2989 ex
372 2941 429 2990 aliis
445 2943 518 2991 libris
531 2950 651 3004 tunquam
669 2957 725 2991 rec·
764 2958 796 2994 sc
814 2943 941 2993 ducentos
961 2941 1094 2991 efficeret:
1112 2941 1232 3002 exignum
1250 2941 1295 2988 sd·

196 3014 258 3077 tius,
267 3030 341 3079 neque
357 3017 452 3078 segnius
469 3019 530 3080 apud
548 3018 627 3066 iustus
642 3017 725 3066 bellum
766 3017 949 3077 diturueutum,
968 3017 990 3064 si
1008 3029 1066 3064 curu
1086 3013 1224 3077 duplicatis
1243 3015 1295 3064 Ru-

195 3096 333 3152 sppcmtur,
349 3092 440 3140 eudem
463 3091 565 3141 omniuo
587 3093 724 3141 sententis.
765 3108 897 3143 muncrum
909 3093 991 3154 copiis
1001 3090 1160 3140 conferatur.
1186 3090 1296 3141 Sedlruc

195 3163 247 3212 Sed
261 3163 376 3214 Grcuur.
387 3165 506 3214 uillicum
517 3165 656 3229 genuinum
668 3179 725 3214 esse
765 3169 886 3218 nimirum
905 3168 1001 3216 lectum
1018 3167 1151 3230 cupiarum
1168 3165 1296 3214 Hernicu-

196 3239 342 3300 euuteudit,
363 3239 412 3288 etsi
433 3241 518 3288 minus
541 3239 603 3289 stibi
631 3239 726 3288 usitata
766 3257 821 3291 rum
834 3241 921 3299 robur,
931 3249 1028 3304 proeter
1038 3235 1113 3289 ulium
1122 3241 1296 3304 gregsriurum

196 3313 392 3376 phrsrl‚tumeu
411 3314 485 3363 Lirin
504 3328 554 3363 uun
571 3314 725 3378 ignotiqqni
766 3316 875 3365 militnm
897 3314 1097 3363 multitudinem.
1135 3315 1238 3364 ldcircc
1260 3316 1298 3363 iu·

196 3391 228 3438 ud
244 3404 292 3452 pru
306 3391 369 3453 apud
386 3403 456 3453 rrepe
472 3397 590 3452 sumpsi,
600 3395 629 3439 ut
640 3389 685 3438 lib.
698 3402 726 3441 x.
765 3390 941 3442 indicuntur
958 3389 1190 3440 ‘extraordinarius
1206 3390 1298 3440 cohor·

199 3465 347 3514 ‘Furiarum
359 3479 389 3514 uc
400 3462 543 3514 formidinis
553 3464 631 3529 picus
641 3464 727 3514 omnis
766 3465 826 3518 tes!

199 3538 233 3588 ml
245 3539 332 3588 hostes
344 3539 418 3588 esse'
798 3550 811 3576 ¹
828 3540 946 3590 Immunes
963 3555 1052 3604 quoquc
1068 3540 1174 3603 operum]
1192 3542 1243 3592 His
1262 3543 1300 3593 si-

235 3611 387 3664 tusciarum
404 3614 492 3664 uirium
508 3613 594 3678 mstis]
612 3614 729 3664 Praeiert
766 3616 841 3666 miles
858 3615 927 3678 spud
944 3615 1073 3677 Tacitum,
1084 3617 1128 3680 qui
1147 3629 1206 3679 pust
1222 3631 1296 3666 sess·

198 3688 316 3738 Gronov.
334 3688 465 3738 Auram
481 3691 569 3740 uirium
583 3691 654 3740 ltusti.
684 3691 728 3741 Sic
766 3691 975 3755 deusstipeudis
990 3689 1297 3745 exsrrcturrti,rubuex·

197 3762 244 3813 lib.
263 3775 369 3812 xxvrrr.
386 3763 570 3827 ‘Aliquantum
590 3773 617 3815 ct
636 3767 728 3815 liumu-
767 3768 813 3818 lllu
828 3766 1017 3819 retinebuntur,
1029 3767 1189 3812 ‘ceterorum
1206 3766 1298 3813 iurum·

197 3837 238 3886 nis
250 3839 319 3888 sueti
339 3846 366 3888 et
386 3837 505 3890 diminuti
519 3840 634 3892 hostibus
651 3841 729 3894 uuiml
768 3859 824 3905 uer,
845 3843 895 3893 uisi
922 3841 1089 3906 propalandi
1116 3839 1215 3889 trustis.'
1242 3839 1297 3889 Au·

199 3913 295 3964 erunt?
768 3919 820 3968 nul.
831 3932 852 3966 1.
1298 3959 1302 3969 .

232 3997 250 4022 ¹·
268 3990 489 4052 Quadriugruurim
500 3996 552 4040 octo
568 3989 728 4056 cohorterld
779 4039 782 4044 ,
801 4002 814 4050 t
831 3991 933 4041 Relictis
951 3989 1028 4052 cquis]
1045 3989 1140 4038 Mirum
1151 3995 1192 4038 est
1203 3989 1298 4039 leuiter

200 4063 309 4116 Geleuic
329 4072 370 4116 est
388 4067 444 4116 trec
466 4064 555 4117 lectio.
588 4067 652 4129 Alit,
671 4083 728 4131 quc·
768 4073 881 4116 srmstus
893 4064 994 4127 equites
1009 4063 1121 4126 putuisse
1133 4063 1234 4128 pedites
1245 4078 1301 4114 uie·

199 4139 377 4201 driugsstsrioe.
412 4142 435 4190 Α
454 4141 648 4206 qusdriugeutls
664 4142 729 4192 mili·
769 4141 819 4190 lius
834 4151 959 4202 pugnum,
970 4152 1044 4201 quum
1061 4152 1094 4189 ex
1112 4140 1191 4204 equis,
1207 4147 1301 4190 contra

201 4214 269 4265 tibus
281 4217 364 4267 dictur
377 4217 413 4268 sit
424 4217 499 4268 Glsr.
537 4215 589 4267 Hic
608 4229 730 4266 numerus
770 4227 874 4280 gruem
883 4221 1039 4263 armaturam
1047 4213 1228 4264 Hernicorum.
1245 4212 1300 4264 Sed

176 4310 214 4422 'i

198 4495 210 4517 1⁸

168 4520 206 4588 ν’
244 4547 256 4590 ;
