3150 4942
527 457 601 505 nrs.
624 452 708 503 vrrr.
731 454 814 505 oar.
835 438 888 504 23.
1187 440 1273 507 1137

179 598 352 665 tumeliam
364 598 594 683 injuriamque,
609 598 724 662 nisibi
740 599 783 663 ab
799 599 854 677 iis,
869 597 929 681 qni
943 594 1093 675 fecerint,
1106 594 1271 675 dematur,

180 701 279 783 ipsos
294 701 384 765 omni
408 702 442 765 ri
466 694 683 782 depulsurosl
706 700 802 763 esse!
846 694 932 762 (lum
950 696 1126 761 Romnum
1141 698 1273 779 legatus

180 802 224 865 ad
241 800 490 884 disceptandum
505 816 563 863 eos
578 798 622 862 ad
636 818 830 863 communes
844 800 960 863 socios
975 798 1208 881 atqueamicos
1217 818 1274 863 vo·

182 909 292 967 caret:
315 900 429 979 ‘Quid
454 899 613 984 perplexe
628 897 802 981 agimusi'
822 899 964 982 inquit.m
987 927 990 931 ⁴
1009 897 1157 963 ‘Nostra
1168 909 1274 964 cena·

182 1002 284 1074 mina,
307 999 466 1077 Romani,
491 1019 558 1063 non
576 1000 680 1063 verba
703 1000 897 1079 legatorum,
921 1018 983 1063 nec
1001 997 1169 1063 lrominam
1182 998 1274 1083 quis·

186 1120 288 1182 quem
301 1098 587 1183 disceptator,sed
602 1118 743 1182 campus
765 1099 970 1183 Campanus,
996 1100 1113 1182 inquo
1137 1120 1276 1165 coneur-

184 1198 316 1265 rendam
345 1207 410 1275 est,
434 1205 473 1263 et
501 1218 594 1265 mma
618 1205 657 1263 et
681 1200 866 1264 communis
888 1198 985 1263 Mars
1007 1200 1087 1264 belli
1105 1201 1273 1265 decernet.

184 1299 330 1365 Proinde
341 1300 425 1365 iuter
441 1300 593 1382 Canum
609 1298 875 1381 Suessulamque
894 1308 1008 1365 casua
1020 1299 1143 1365 cestrie
1166 1300 1275 1366 conie-

184 1418 314 1480 ramus3
336 1405 381 1477 et,
397 1399 531 1467 Samnis
551 1398 768 1465 Mausos
791 1401 932 1483 imperio
955 1400 1087 1465 Italiam
1100 1408 1201 1483 regat,
1216 1403 1275 1466 de-

185 1500 381 1567 cernamus?
422 1500 539 1582 legati
558 1499 784 1565 Romanorum
807 1520 885 1565 cum
911 1522 961 1579 se,
987 1522 1052 1565 non
1077 1521 1147 1585 quo
1170 1503 1276 1568 hostis

186 1606 353 1677 vocasset,
368 1600 428 1664 sed
451 1619 519 1683 quo
541 1602 759 1683 imperatorer
784 1601 838 1663 sui
861 1590 1052 1679 duxissent,
1075 1602 1179 1665 ituros
1199 1621 1276 1666 esse

184 1702 454 1784 respondissent3
472 1700 543 1783 jam
562 1700 739 1777 Publilius,
755 1700 841 1763 inter
863 1700 1062 1785 Palaepolim
1078 1700 1275 1785 Neapolim-

185 1822 250 1885 que
271 1801 349 1865 loco
373 1810 560 1884 opportune
586 1806 698 1882 capto,
715 1800 892 1864 diremerat
909 1801 1064 1867 hostibus
1083 1804 1275 1868 societatem

186 1902 306 1966 auxilii
320 1902 440 1978 mutui,
457 1920 535 1985 qua,
550 1907 586 1965 ut
605 1902 749 1985 quisque
771 1900 867 1967 locus
891 1910 1108 1985 premeretur,
1134 1904 1216 1967 inter
1238 1922 1277 1967 se

185 2003 239 2066 usi
255 2002 393 2065 fueraut
438 1986 658 2084 Itaque'cum
680 2009 714 2067 et
735 2002 944 2067 comitiorum
967 2002 1040 2065 dies
1062 2003 1216 2082 instaret,
1231 2012 1277 2082 et,

186 2096 380 2179 Publilium,
395 2102 625 2165 imminentem
640 2102 790 2166 hostium
811 2104 926 2179 muris,
941 2103 1076 2166 avocari
1090 2103 1133 2176 ab
1146 2121 1206 2185 spe
1220 2123 1278 2169 ca·

186 2201 317 2283 piendee
334 2202 365 2264 in
381 2202 454 2265 dies
469 2202 573 2278 urbis,
587 2200 675 2266 haud
695 2222 715 2265 e
737 2221 773 2267 re
795 2202 931 2284 publica
942 2207 1051 2280 esset3
1074 2210 1186 2265 actum
1201 2223 1278 2267 cum

187 2301 327 2367 uibunis
340 2309 403 2378 est,
417 2302 462 2367 ad
480 2300 643 2383 ¹populum
666 2300 794 2378 ferrent,
820 2307 868 2379 ut,
890 2322 968 2367 cum
988 2301 1157 2366 Publilius
1181 2301 1279 2368 Philo

184 2402 363 2467 consalatu
378 2402 513 2476 abisset,
537 2420 600 2482 pro
614 2402 750 2465 consule
766 2420 836 2465 rem
859 2407 1020 2484 gereret,¹⁷
1042 2399 1155 2484 quoad
1168 2401 1280 2465 debel-

187 2500 290 2565 latum
303 2520 379 2566 cum
396 2499 527 2565 Graecis
541 2502 643 2564 esset.
666 2500 707 2565 L.
720 2499 874 2564 Cornelio
885 2498 986 2582 (quia
999 2518 1041 2561 ue
1056 2519 1131 2563 eum
1145 2500 1280 2587 quidem

186 2604 220 2667 in
236 2600 406 2667 Samnium
415 2599 489 2683 jam
502 2600 687 2681 ingressum
707 2601 856 2666 revocari
870 2600 915 2665 ab
927 2601 1053 2682 impetu
1073 2598 1154 2665 belli
1166 2600 1281 2681 plaee-

186 2699 264 2783 bat)
286 2700 392 2765 literae
406 2702 532 2776 missae,
547 2707 585 2763 ut
594 2699 793 2765 dictatorem
805 2700 1017 2764 comitiorum
1030 2699 1279 2765 causediceret.

188 2802 288 2865 Dixit
301 2798 350 2863 M.
364 2798 545 2865 Claudium
568 2798 775 2863 Marcellum.
820 2799 874 2863 Ab
893 2818 935 2862 eo
949 2799 1111 2879 magister
1132 2799 1280 2881 equiturn

189 2901 298 2965 dietus
319 2900 384 2981 Sp,
410 2899 617 2965 Postumius.
661 2896 737 2963 Neo
762 2903 871 2961 tamen
894 2900 938 2963 ab
957 2898 1118 2963 dictatore
1142 2900 1281 2963 comitia

189 3007 265 3065 suut
278 2999 512 3085 habitaquia,
536 3000 658 3063 vitione
678 3002 811 3061 creatus
832 3002 932 3074 esset,
952 2998 988 3061 iu
1011 2997 1280 3079 disquisitionem

190 3102 289 3164 venit.
332 3098 488 3164 Consulti
503 3117 655 3180 augures,
678 3097 838 3162 vitiosum
853 3096 960 3161 videri
985 3096 1190 3173 dictatorem,
1203 3115 1281 3179 pro-

189 3194 433 3267 nuntiaverunt
478 3200 561 3265 Eam
589 3218 657 3265 rem
688 3198 810 3263 tribuni
834 3202 1031 3279 suspectam
1057 3196 1282 3278 infamemque

191 3301 396 3365 criminando
410 3301 571 3365 sormunt.
616 3298 727 3362 ‘Nam
742 3316 853 3380 nsque
876 3298 978 3360 facile
992 3296 1102 3375 tuisse
1113 3295 1148 3358 id
1164 3296 1281 3359 vitium

191 3402 296 3480 nosci,
320 3420 395 3467 cum
411 3400 529 3467 consul
543 3402 651 3465 oriens
666 3398 691 3437 ¹⁸
714 3404 813 3464 nocte
838 3397 966 3463 silentio
990 3394 1282 3480 diceretdictato·

637 3556 819 3581 ΜΟΜΝΝ

225 3664 257 3711 la
274 3660 313 3711 ΑΙ.
335 3660 524 3723 Pompeis-rr
540 3658 618 3721 vug.
633 3658 758 3721 rursusi
777 3672 829 3707 rere
847 3661 1017 3721 metelli
1041 3658 1142 3708 lesus
1163 3662 1216 3708 ret.
1236 3657 1282 3708 tib.

191 3724 360 3791 spousigon.
398 3723 624 3777 omniorum
637 3723 741 3789 Derim
773 3723 954 3774 ‘densavimus
963 3722 1066 3787 quidem
1078 3722 1219 3773 Maurorum
1230 3722 1282 3769 tee-

687 3848 797 3901 Nom

241 3947 315 4013 ‘lusos
328 3948 435 3999 ornatui
450 3944 595 4013 dommus]
613 3944 716 3997 Bedun-
788 3950 807 3977 ¹
832 3944 897 3999 Quid
915 3946 1024 4007 papum
1052 3934 1166 4001 wimari
1192 3937 1283 4006 inquit]

191 4022 254 4073 dare
271 4023 375 4077 videtur
390 4025 430 4075 rel
451 4023 493 4073 hic
507 4024 576 4085 mser,
588 4022 628 4071 rsl
640 4021 717 4085 patrio
758 4016 892 4074 Hactenus
906 4017 1037 4069 sunnine·
1051 4014 1212 4081 incumbam,
1222 4028 1283 4078 pnr-

191 4098 269 4163 ruore
286 4114 321 4163 rs,
338 4099 385 4151 nisi
404 4099 480 4151 numa
501 4112 549 4149 ros
560 4098 604 4160 sit,
622 4097 717 4161 adm,
757 4093 861 4161 gabant.
890 4094 966 4144 Nunc
978 4106 1039 4141 rere
1057 4104 1109 4157 quo
1124 4089 1237 4143 refertur
1253 4090 1283 4141 rt

192 4175 218 4225 ia
240 4174 314 4240 duas,
334 4176 449 4245 longiore
472 4174 552 4244 paulo
570 4170 719 4233 intervallo,
756 4168 850 4235 irqrritr
865 4167 968 4219 Noram
986 4166 1058 4218 tirio
1076 4180 1129 4216 uon
1148 4171 1190 4216 est
1201 4179 1216 4215 ι
1227 4168 1284 4230 plu.

192 4244 348 4300 distruere(
377 4246 390 4251 ”
623 4292 627 4301 ,
758 4241 1140 4309 ηἰὶζηιιωοιοιᾱιίιιμιΙιῐοω
1153 4248 1282 4305 transgre-
