3150 4942
307 432 393 499 1116
775 440 810 487 τ.
836 436 931 486 ervit

305 607 409 670 neque
424 584 598 669 imperinm
619 580 932 662 consularemque
953 578 1161 662 majestatem
1182 576 1330 660 patriam
1346 596 1408 643 vo·

305 688 400 763 ritus,
414 686 575 751 adversus
599 682 746 747 edictum
768 686 918 744 nostrum
942 686 1039 743 extra
1060 678 1207 743 ordinem
1226 678 1261 742 iu
1275 678 1411 742 bostem

305 786 477 870 pugnasti,
492 790 536 861 ot,
551 789 713 865 quantum
724 782 759 843 in
770 788 803 845 te
816 779 890 856 init,
905 778 1118 862 disciplinam
1133 779 1320 855 militarem,
1335 798 1413 861 qua

306 889 401 952 stetit
423 886 467 951 ad
489 884 574 948 hane
596 882 682 946 diem
707 880 863 945 Romana
882 900 948 957 res,
969 879 1113 955 solvisti,
1130 898 1248 962 meque
1270 879 1306 942 in
1327 898 1413 943 eam

306 988 541 1051 necessitatem
565 980 747 1057 adduxisti,
766 985 804 1045 ut
826 987 885 1045 aot
906 980 955 1043 rei
977 980 1124 1062 publicae
1148 978 1239 1056 mihi,
1255 985 1315 1043 ant
1338 980 1413 1043 mei

213 1118 218 1129 ¹
304 1104 518 1169 meorumque
541 1082 808 1148 obliviscendum
833 1082 897 1163 sit3
918 1100 981 1145 nos
1005 1081 1119 1163 potios
1140 1087 1257 1145 nostro
1278 1079 1413 1144 delicto

306 1189 503 1271 plectemur,
518 1203 618 1269 qoam
640 1202 694 1247 res
715 1182 854 1265 publica
867 1188 959 1247 tanto
974 1200 1036 1245 suo
1054 1180 1177 1244 damno
1191 1188 1305 1245 nostra
1326 1200 1412 1264 pec-

307 1298 388 1353 cata
412 1289 495 1353 luat.
538 1283 648 1350 Triste
669 1284 873 1365 exemplum,
887 1283 947 1347 sed
962 1283 997 1347 in
1019 1291 1189 1365 postorum
1205 1282 1340 1346 salubre
1350 1282 1413 1365 ju-

307 1390 446 1465 ventuti,
461 1389 594 1452 erimus.
640 1383 700 1448 Mo
717 1383 851 1467 quidem
866 1403 941 1448 cum
955 1384 1103 1466 ingenita
1117 1384 1238 1447 caritas
1248 1382 1414 1459 liberum,

308 1498 379 1554 tum
400 1488 569 1571 specimen
584 1486 674 1549 istud
692 1486 841 1559 virtutis,
855 1484 1033 1566 deceptum
1048 1475 1134 1548 vana
1147 1484 1288 1564 imagine
1304 1484 1415 1547 deco-

306 1592 365 1665 ris,
379 1591 413 1652 io
430 1598 465 1652 te
480 1594 617 1651 movet-⁸
628 1593 654 1633 ¹⁵
698 1582 766 1649 Sed
783 1604 859 1649 cum
874 1593 936 1647 aot
948 1591 1056 1647 morte
1069 1588 1128 1647 toa
1147 1583 1326 1648 sancienda
1338 1585 1416 1650 sint

309 1688 486 1753 consulum
501 1688 653 1770 imperia,
667 1693 725 1751 ant
737 1686 933 1769 impunitate
944 1686 978 1749 in
992 1689 1189 1767 perpetuum
1200 1686 1413 1766 abroganda3

307 1808 350 1853 ne
375 1796 407 1853 te
431 1790 577 1872 quidem,
592 1790 622 1853 si
643 1788 724 1872 quid
746 1789 781 1852 in
804 1794 838 1851 te
859 1786 966 1851 nostri
987 1788 1158 1869 sanguinis
1177 1793 1239 1865 est,
1253 1806 1414 1852 recusare

239 1896 245 1909 ⁸
308 1908 475 1967 censeam,
489 1891 570 1974 quio
584 1890 798 1973 disciplinam
814 1887 999 1965 militarem,
1013 1888 1115 1970 culpa
1128 1894 1186 1951 tua
1199 1888 1412 1970 prolapsam,

308 2010 410 2073 poene
431 1995 601 2056 restituas.
645 1990 676 2068 l,
700 1990 811 2066 lictor,
832 1988 942 2070 deliga
966 1988 1011 2052 ad
1036 1988 1170 2071 palum!
1213 1988 1413 2054 Exanimati

309 2111 424 2156 omnes
446 2100 515 2157 tam
539 2092 644 2157 atroci
667 2092 819 2173 imperio,
834 2110 896 2153 nec
918 2088 1014 2153 aliter
1030 2108 1131 2171 qoam
1153 2089 1188 2153 in
1210 2108 1249 2153 so
1266 2090 1414 2173 quisque

309 2191 498 2257 destrictam
509 2190 536 2231 ¹⁶
554 2200 725 2257 cernentes
748 2191 904 2262 securim,
919 2198 1011 2254 metu
1031 2190 1148 2270 magis,
1163 2208 1262 2272 quam
1279 2190 1414 2253 modes·

310 2292 371 2370 tia,
386 2294 554 2376 quievere.
598 2291 731 2377 ltaque,
744 2291 837 2354 velut
851 2310 981 2355 emerso
996 2292 1040 2355 ab
1055 2289 1272 2355 admiratione
1287 2292 1412 2367 animo,

310 2412 389 2457 cum
413 2392 545 2456 silentio
567 2390 670 2454 delixi
695 2392 899 2467 stetissent,¹⁷
919 2396 1068 2474 repente,
1082 2396 1261 2474 postquam
1277 2392 1412 2456 cervice

311 2509 403 2557 caesa
423 2491 519 2555 fusus
540 2495 593 2553 est
617 2508 722 2565 cruor,
736 2497 805 2554 tum
826 2491 933 2555 libero
954 2499 1143 2575 conquestu
1165 2500 1293 2555 coortae
1309 2512 1412 2557 voces

312 2598 401 2667 sunt,
423 2598 458 2654 ut
477 2609 585 2672 neque
605 2590 772 2669 lamentis,
787 2612 896 2675 neque
915 2593 1183 2666 execrationibus
1203 2595 1411 2676 parceretnr3

311 2691 495 2775 spoliisque
516 2698 707 2755 contectum
724 2692 864 2776 juvenis
887 2713 1022 2777 corpus,
1036 2700 1195 2777 qnantum
1212 2695 1412 2758 militaribus

311 2791 433 2856 studiis
454 2792 555 2856 lunas
576 2792 682 2856 ullum
707 2794 932 2857 concelebrari
948 2802 1074 2876 potest,
1088 2801 1216 2857 structo
1230 2800 1325 2858 extra
1339 2796 1412 2859 val·

312 2891 383 2956 lum
406 2912 486 2975 rogo
508 2898 723 2974 cremaretur3
747 2891 986 2976 Manlianaque
1006 2894 1169 2976 imperia¹
1189 2912 1256 2957 non
1269 2896 1303 2957 io
1324 2914 1412 2979 prte-

345 3066 356 3092 ‘
373 3058 508 3109 comme
519 3026 545 3108 ie
555 3061 592 3109 tei
600 3059 717 3120 sidiam.

771 3185 952 3207 enoenmu

314 3280 494 3334 creden-11
512 3284 618 3334 ‘Possis
630 3290 818 3347 transponeret
834 3284 862 3333 ie
876 3289 901 3333 te
914 3285 1033 3347 decem
1048 3300 1072 3334 o.
1087 3287 1107 3333 i.
1123 3288 1149 3337 d.
1163 3286 1257 3336 m!
1273 3288 1413 3338 Ernest-

315 3351 346 3396 lo
363 3346 407 3396 tt.
423 3347 630 3398 dirimam-ll
649 3346 697 3396 ‘in
708 3349 795 3398 Drek.
808 3355 867 3409 port
881 3348 1005 3397 stetissem
1017 3350 1158 3401 semicolon
1175 3351 1287 3414 ponitur.
1305 3352 1413 3401 ‘Verisa

312 3412 378 3458 utut
388 3426 476 3460 emerso
483 3412 513 3461 cd
524 3412 681 3461 &rumim
690 3413 769 3461 cuim
779 3418 807 3460 et
818 3416 870 3461 terr
881 3411 954 3459 utero
963 3419 1089 3475 murts
1099 3420 1185 3463 coorta
1194 3429 1261 3464 rerer
1277 3416 1414 3480 jungenda

314 3478 384 3521 sont.
415 3475 443 3522 81
466 3476 511 3523 iiia
530 3474 668 3525 referende
690 3482 780 3525 essent
802 3473 834 3523 cd
853 3475 989 3537 sequentia
1008 3492 1062 3525 eres
1077 3479 1172 3528 citatio
1190 3480 1266 3544 defici
1280 3482 1413 3540 ademi,

314 3534 453 3598 legendum
465 3536 532 3586 soret
543 3541 655 3589 domare.
688 3539 835 3589 Semicolon
851 3539 929 3601 igitur
941 3546 1000 3603 port
1013 3542 1134 3591 stetim
1150 3544 1241 3593 emtuli
1258 3558 1290 3593 ac
1305 3545 1412 3595 incisum

314 3598 437 3662 reposui!
455 3600 550 3649 Strati.

813 3698 922 3749 ΝΟΜ

311 3785 416 3837 leodem
427 3785 532 3837 fortiter
543 3802 842 3854 prospercqocpognen·
883 3796 925 3842 29.
943 3793 1031 3843 valer.
1049 3794 1121 3844 Max.
1137 3794 1184 3844 tto.
1195 3808 1227 3846 u.
1243 3810 1301 3860 cap.
1318 3802 1344 3847 t.
1361 3798 1410 3847 Ur-

313 3864 511 3928 dampnosos
524 3863 660 3929 pugnando
671 3866 843 3916 contracdic·
884 3869 942 3918 iietn
955 3869 1063 3919 Romam
1076 3871 1113 3921 cit
1129 3873 1335 3934 ‘imperatorum
1353 3888 1411 3923 un·

314 3944 370 3988 tom
381 3942 523 3996 consulum.
535 3948 688 3991 mereretur.
883 3945 961 4007 ‘trine
977 3951 1111 3995 manantes
1127 3960 1245 4011 secures,
1260 3948 1307 4012 (ne
1323 3949 1411 3999 turba·

346 4016 842 4083 =ormttmqnetnpnu]1>roverbiooe·
883 4028 910 4069 to
927 4020 1026 4071 militia
1045 4022 1136 4071 ordine
1153 4022 1268 4073 vindicta
1285 4024 1411 4087 deesseu)

313 4086 416 4136 lebratc
427 4100 485 4137 sunt
496 4092 503 4117 ‘
514 4091 647 4141 Manliana
655 4093 783 4155 imperia‚'
795 4108 842 4157 pro
882 4110 897 4142 e
908 4098 1000 4145 caetris
1017 4097 1120 4161 publice
1131 4100 1273 4162 speciosas,
1289 4099 1411 4163 privatin

314 4160 386 4210 doris
403 4168 484 4226 atque·
502 4166 641 4223 atrocibus.
655 4177 683 4217 ut
702 4176 730 4218 et
749 4170 842 4220 Portu·
881 4171 1013 4235 lupibrer,
1039 4172 1139 4236 duplici
1162 4175 1235 4224 vultu
1263 4176 1410 4239 recepisse:

315 4233 409 4301 miror,
421 4252 437 4289 a
449 4236 591 4303 Postumio,
601 4240 698 4305 dequo
709 4244 756 4293 lib.
766 4256 806 4293 rr.
816 4258 842 4294 e.
882 4246 1007 4304 incertam
1023 4248 1172 4311 gratulandi
1189 4251 1270 4314 prior,
1288 4264 1323 4301 an
1339 4252 1410 4301 eblo·
