3150 4942
580 424 654 471 nra.
678 424 732 472 rx.
757 424 840 472 cnr.
864 410 917 474 33.
1205 412 1294 477 laea

194 572 259 629 est.
304 562 455 629 Ceterum
477 570 511 629 et
532 564 658 629 Fabius
673 566 938 648 supplementum
954 567 998 631 ab
1014 566 1128 633 Ronm
1140 568 1293 647 adduxit,

194 673 230 729 et
243 683 355 729 nouus
371 667 540 729 exercitus
555 667 655 731 domo
671 668 801 732 accitus
816 664 967 732 Etruscis
982 669 1085 733 uenit.
1129 670 1293 736 Permulti

195 767 273 829 anni
291 765 363 847 jam
385 773 490 843 erant,
507 786 579 832 cum
603 768 685 833 inter
707 768 867 851 patricios
890 770 1104 851 magistratus
1126 771 1293 835 tribunos·

192 884 263 947 que
273 864 299 904 ¹⁶
325 866 416 931 nulla
435 870 616 933 certamina
639 869 787 948 inarant3
810 888 886 933 cum
912 888 956 933 ex
983 888 1026 933 ea
1050 870 1191 948 familia,
1214 891 1292 954 qnae

191 966 285 1029 uelut
304 966 419 1030 fatalis
439 975 508 1033 tum
520 976 546 1017 ¹⁷
567 969 708 1033 tribunis
731 988 773 1033 ac
789 968 879 1050 plebi
895 976 979 1045 erat,
994 977 1162 1035 certamen
1177 972 1291 1036 oritur.

190 1063 261 1149 Ap.
276 1066 443 1133 Claudius
464 1088 594 1146 censor,
608 1070 819 1135 circumactis
838 1070 954 1135 decem
969 1077 1005 1136 et
1018 1078 1095 1136 octo
1111 1073 1292 1150 mensibus,

190 1167 284 1248 quod
300 1168 437 1232 AEmilia
451 1168 526 1249 lege
540 1169 690 1233 finitum·
709 1189 859 1236 censuum
874 1172 1018 1254 spatium
1033 1173 1193 1255 temporis
1205 1178 1291 1249 erat,

190 1286 270 1332 cum
287 1268 327 1333 G.
341 1269 493 1333 Plautius
508 1270 634 1350 collega
647 1269 721 1353 ejus
733 1272 925 1351 magistratu
938 1291 976 1335 se
987 1272 1188 1348 abdicasset,
1198 1272 1293 1336 nulla

191 1371 228 1433 ui
249 1368 421 1451 compelli,
437 1374 473 1434 ut
496 1368 676 1446 abdicaret,
691 1372 812 1453 potuit.
856 1371 1130 1455 P.'Sempronius
1142 1378 1215 1439 crat
1236 1374 1293 1437 tri·

193 1470 302 1533 bunos
322 1469 445 1551 plebis3
469 1472 529 1554 qui
549 1470 703 1537 finiendae
724 1491 874 1538 censurae
897 1474 982 1537 intra
1005 1475 1187 1555 legitimum
1210 1481 1292 1537 tem·

190 1589 258 1653 pue
269 1572 433 1634 actionem
450 1579 661 1654 susceperat;
688 1591 752 1636 non
768 1574 962 1655 popularem
973 1576 1093 1655 magis,
1108 1594 1206 1656 quam
1217 1574 1292 1656 jus-

190 1678 272 1745 tam,
287 1690 350 1735 nec
373 1672 408 1735 in
432 1672 563 1752 vulgus,
578 1692 677 1753 qnam
693 1674 823 1755 optimo
844 1675 981 1757 cuique,
995 1676 1198 1755 gratiorem·
1242 1675 1291 1751 ls,

193 1791 271 1836 oum
283 1772 463 1836 identidem
474 1771 587 1852 legem
599 1773 771 1836 AEmiliam
784 1774 947 1850 recitaret,
964 1781 1200 1858 auctoremque
1216 1775 1290 1859 ejus

190 1872 301 1937 itiam.
319 1873 491 1936 AEmilinm
513 1872 711 1937 dictatorem
730 1873 887 1939 laudibus
907 1874 1019 1953 ferret,
1034 1877 1092 1958 qui
1106 1876 1291 1959 quinquen·

192 1973 303 2038 nalem
319 1978 392 2038 ante
407 1992 579 2037 censuram
594 1982 628 2038 et
642 1974 887 2059 longinquitate
901 1984 1104 2058 potestatem
1120 1976 1289 2040 dominan-

192 2075 281 2140 tow
300 2074 384 2138 intra
402 2094 465 2138 sex
487 2075 648 2139 mensium
669 2083 703 2139 et
722 2077 800 2139 anni
818 2075 986 2157 coegisset
998 2075 1163 2158 spatium3
1185 2076 1290 2153 ‘Dic,

193 2174 355 2257 agedum,’
372 2176 494 2258 inquit,
512 2173 601 2257 Ἀρ.
617 2172 752 2251 Claudi,
767 2174 928 2258 quidnam
951 2174 1100 2240 facturos
1122 2174 1238 2253 fueris,
1259 2179 1291 2241 si

172 2292 235 2339 ‚eo
256 2282 416 2361 tempore,
432 2296 501 2359 quo
525 2276 565 2342 G.
583 2275 704 2340 Furius
726 2286 761 2340 et
781 2274 832 2339 Μ.
847 2273 1016 2359 Geganius
1035 2294 1197 2339 censores
1218 2276 1289 2341 loe-

192 2384 280 2456 ruut,
304 2397 422 2442 censor
445 2377 586 2443 fuisses!
640 2377 775 2461 Negare
800 2376 950 2460 Appius,
975 2378 1290 2458 ‘interrogationem

193 2478 316 2543 tribuni
330 2498 451 2560 magno
466 2499 569 2561 opere
584 2478 626 2543 ad
643 2500 779 2544 cansam
796 2479 959 2562 pertinere
973 2496 1077 2542 suam.
1121 2476 1210 2542 Nam
1224 2482 1291 2543 etsi
1393 2530 1401 2542 .

193 2580 335 2643 tenuerit
350 2580 404 2644 lex
416 2580 554 2644 AEmilia
563 2599 622 2644 eos
634 2598 804 2655 censores,
815 2596 957 2661 quorum
969 2578 1001 2640 in
1013 2576 1208 2659 magistratu
1220 2578 1292 2644 lata

193 2686 295 2759 esset,
310 2682 392 2765 quia
413 2686 494 2764 post
506 2681 585 2744 illos
601 2700 757 2745 censores
778 2685 911 2744 creatos
925 2698 1001 2742 eam
1016 2678 1123 2759 legem
1142 2672 1291 2763 populos

172 2786 175 2797 '
190 2780 363 2863 jussisset,
375 2779 531 2866 quodque
543 2788 746 2863 postremum
753 2780 929 2862 jussisset,
940 2777 975 2841 id
983 2778 1043 2861 jus
1054 2785 1227 2861 ratumque
1238 2798 1291 2843 es·

192 2890 268 2962 ‘set3
290 2902 357 2947 non
374 2892 483 2947 tamen
499 2888 557 2945 aut
570 2902 618 2958 se,
632 2884 690 2943 ant
704 2898 818 2944 eorum
833 2896 1032 2961 quenquam,
1046 2877 1105 2960 qni
1120 2885 1199 2959 post
1213 2896 1290 2943 eam

193 2970 301 3066 legem
326 2985 427 3049 latam
448 2984 554 3048 creati
564 2982 588 3019 ¹⁸
604 3000 758 3047 censores
772 2974 911 3056 essent,f
927 2979 1028 3043 teneri
1042 2996 1083 3041 ea
1096 2978 1168 3060 lege
1190 2987 1291 3061 potu·

195 3083 286 3150 isse!

226 3224 239 3248 ⁸
257 3216 460 3293 Quod'eqrsiliom
476 3230 518 3263 seo
533 3215 651 3277 incepturus
668 3229 714 3263 eoa
730 3210 807 3262 misse
817 3212 884 3262 mair
893 3210 1033 3275 quidem
1042 3210 1103 3260 airis
1118 3224 1149 3260 es
1158 3208 1290 3265 aedilitate,

195 3280 582 3406 wemmam&
590 3338 698 3405 potentio
708 3340 808 3389 nimian
816 3337 990 3389 doniam.
1092 3372 1096 3377 -

649 3464 832 3487 ”mmm

192 3518 194 3525 Ι
230 3553 260 3599 ld
278 3546 346 3599 Add.
363 3550 437 3611 peta
447 3550 563 3600 Gronov.
575 3549 684 3613 Donjet.
694 3548 878 3599 Creusa-it
895 3547 948 3595 ‘'ld
959 3551 1009 3595 ten
1020 3560 1069 3595 non
1081 3545 1157 3595 modo
1169 3560 1290 3609 superre-

196 3628 282 3675 coum,
294 3616 338 3663 sed
357 3616 435 3663 etiem
454 3614 570 3691 ineptum
589 3612 817 3689 sequebaturque
832 3609 1042 3725 lllrobeirgmggr
1055 3611 1292 3724 migranea:

196 3678 338 3805 zssg'ssiidedt·
344 3685 527 3805 assimulata
538 3676 1021 3805 memhrab'oteiffiiqnzgegfflffim
1029 3690 1252 3802 ssursnrr'srrorlr.
1263 3747 1292 3786 et

196 3806 247 3868 leg.
253 3806 342 3864 sciolis
351 3806 433 3855 tuum
442 3822 495 3855 eser
505 3810 525 3855 t.
536 3820 564 3855 oc
579 3806 654 3870 pleis,
672 3806 712 3855 vel
730 3806 770 3855 errl
785 3808 850 3855 utet
860 3804 951 3864 saulis
967 3804 1000 3851 tir
1014 3818 1068 3851 esra
1078 3801 1139 3851 cet!
1156 3802 1292 3862 itam-

197 3874 244 3919 1⁸⁴
256 3870 398 3931 Eleganter
405 3869 592 3931 conjiciebat-l.
599 3871 628 3920 F.
637 3870 793 3925 Gronovius,
800 3884 853 3933 qaue
862 3870 927 3917 reiut
936 3872 993 3915 soto
1003 3866 1087 3915 uatem
1095 3879 1149 3913 cars
1159 3870 1179 3915 t.
1189 3878 1219 3911 oc
1227 3864 1293 3924 pleds

196 3932 227 3982 e.’
241 3934 435 3996 Doering.—18
451 3940 457 3961 ¹
471 3934 536 3983 l’ost
549 3939 595 3983 sot
606 3942 666 3983 ente
676 3936 754 3984 crecti
764 3934 893 3983 excidisse
906 3931 1010 3980 ridetur
1018 3928 1177 3992 ommim,
1187 3933 1232 3976 aut
1241 3929 1293 3989 tege

196 3996 303 4060 optim!
328 3998 426 4047 Stroth.
438 3998 532 4062 Recte,
542 3998 633 4061 judice
645 4000 756 4063 Rupert.

599 4140 603 4153 .
697 4106 805 4160 NOTAE

229 4158 723 4255 ·marraege,raaaa]vrasrro.1v.
797 4184 872 4239 ‘osi
887 4189 941 4249 aar
957 4199 1009 4234 aa
1028 4184 1104 4245 uem
1124 4186 1199 4233 urm
1218 4186 1295 4235 aaa

197 4266 272 4327 cdii.
765 4260 976 4325 amarescerent]
993 4258 1295 4325 Cerillsbrturdppios,
1375 4296 1379 4304 .
