3150 4942
287 408 375 473 1188
418 502 424 507 .
755 418 789 466 r.
814 418 908 466 mvn

288 566 376 629 euim
392 563 535 647 pretioa
558 559 707 625 finitimis
726 560 888 643 juventus
912 558 1101 637 dicebatur)
1128 558 1304 622 intentiore
1330 558 1386 622 de

288 666 378 729 lectu
392 664 519 740 habito,
535 663 700 744 egregium
716 659 903 725 exercitum
916 659 1079 723 adversus
1094 658 1263 723 Samnites
1278 659 1391 724 duxe-

289 770 373 830 runt.
418 764 540 829 Castra
570 766 603 827 in
631 762 761 827 hostico
793 762 962 826 incuriose
993 761 1041 824 ita
1068 762 1196 844 posita,
1223 765 1391 842 tanquam

290 866 406 949 procui
436 867 571 930 abesset
597 864 723 943 hostis3
754 882 831 927 cum
858 863 972 925 subito
995 860 1161 925 advenere
1186 860 1393 925 Samnitium

290 968 436 1047 legiones
449 971 542 1030 tanta
555 964 690 1041 ferocia,
706 970 741 1028 nt
754 963 903 1031 vallum²
925 962 1092 1047 usquead
1115 964 1295 1027 stationem
1318 962 1393 1026 Ro·

175 1112 180 1119 =
291 1086 423 1132 manam
440 1068 619 1131 inferrent.¹
663 1066 746 1131 Nox
758 1066 830 1149 jam
844 1066 1048 1147 appetebat:
1070 1064 1105 1128 id
1124 1064 1300 1148 prohibuit
1315 1084 1393 1127 mn·

291 1170 440 1232 nimenta
455 1168 591 1231 adoriri.
635 1166 711 1231 Nec
726 1166 991 1243 dissimulabant,
1005 1170 1080 1230 orta
1091 1165 1170 1229 luce
1182 1172 1319 1248 postero
1334 1165 1395 1229 die

292 1273 450 1335 facturos.
491 1272 658 1347 Dictator,
674 1270 732 1334 ubi
745 1270 934 1353 propiorem
950 1288 1013 1353 spo
1024 1268 1274 1333 dimicationem
1290 1266 1391 1343 vidit,

292 1392 333 1436 ue
348 1373 485 1455 militum
501 1373 613 1436 virtuti
629 1370 752 1435 damno
767 1371 862 1434 loeus
876 1378 981 1446 esset,
998 1370 1134 1451 ignibus
1157 1368 1283 1432 crebris
1296 1368 1395 1432 relic·

293 1474 347 1550 tis,
360 1472 419 1556 qui
435 1477 651 1555 conspectum
665 1470 812 1535 hostium
829 1470 1072 1545 frustrarentur,
1095 1470 1229 1533 silentio
1241 1468 1396 1550 legiones

291 1573 424 1637 educit:
447 1592 509 1637 nec
526 1580 635 1636 tamen
662 1572 774 1636 falters
800 1578 937 1654 propter
962 1570 1247 1655 propinquitatem
1262 1577 1396 1634 castro·

293 1694 364 1738 rum
380 1674 499 1755 potuit.
541 1674 655 1756 Eques
669 1672 843 1754 extemplo
856 1674 1027 1737 insecutus
1045 1673 1095 1737 ita
1117 1672 1240 1736 institit
1254 1671 1395 1753 agmini,

294 1780 341 1850 ut,
357 1773 464 1838 donec
479 1774 675 1852 lucesceret,
689 1774 809 1857 praelio
821 1775 1010 1839 abstineret.
1054 1773 1110 1837 Ne
1130 1773 1306 1857 pedestres
1318 1772 1396 1855 qni·

294 1874 367 1940 dem
383 1875 494 1959 copim
509 1885 585 1941 ante
600 1877 707 1941 lucem
723 1877 842 1941 castris
853 1895 1008 1958 egressae.
1039 1874 1160 1957 Eques,
1171 1874 1249 1939 luce
1259 1873 1394 1937 demum

294 1994 398 2040 ansus
412 1976 582 2041 incursare
607 1979 642 2041 in
669 1976 813 2056 hostem,
833 1976 1001 2059 carpendo
1010 1976 1225 2053 novissimos,
1240 1992 1395 2059 premen-

294 2076 406 2160 doque
427 2078 553 2161 iuiqnis
568 2080 613 2143 ad
626 2078 799 2143 transitum
813 2077 911 2154 locis,
925 2096 1045 2159 agmen
1061 2076 1214 2142 detinuit.
1258 2075 1393 2141 Interim

294 2177 397 2260 pedes
413 2180 559 2261 equitem
584 2187 784 2259 assecutus3
806 2186 842 2243 et
863 2178 947 2243 totis
966 2178 1039 2259 jem
1063 2177 1174 2261 copiis
1189 2178 1323 2241 Samnis
1336 2197 1394 2241 ur·

294 2280 405 2358 gebat.
449 2280 538 2345 Tum
559 2280 714 2357 dictator,
737 2286 917 2364 postquam
938 2280 1012 2343 sine
1031 2296 1155 2361 magno
1178 2278 1393 2343 incommodo

296 2378 448 2460 progredi
465 2400 530 2444 non
547 2388 685 2463 poterat,
698 2401 775 2445 eum
790 2382 914 2464 ipsum,
928 2381 1045 2463 inquo
1061 2380 1269 2456 constiterat,
1279 2378 1392 2442 locum

296 2480 414 2541 cestris
440 2479 614 2543 dimetari¹
644 2478 773 2564 jussit.k
827 2480 868 2545 id
898 2500 989 2557 vero,
1019 2478 1225 2545 circumfuso
1247 2480 1393 2563 undique

295 2577 458 2659 equitatu,
474 2590 512 2643 nt
526 2581 649 2645 vallum
663 2578 867 2664 peteretur⁴¹
880 2601 1036 2666 opusque
1050 2581 1227 2664 inciperet,
1237 2580 1311 2644 deri
1324 2598 1393 2643 uon

328 2750 340 2776 ¹
360 2743 393 2793 Ut
404 2745 473 2795 cellit
484 2744 597 2797 instructi
606 2750 638 2797 nd
648 2748 808 2799 Remorum
817 2764 889 2812 mque
897 2747 1013 2813 presidio
1021 2749 1156 2798 seeum
1166 2750 1245 2796 mura
1254 2745 1378 2795 mna

756 2873 940 2896 ”tammo

329 2974 346 3019 ²
363 2969 395 3019 In
416 2973 504 3022 multis
524 2973 590 3022 Mer.
608 2974 692 3023 arum
709 2988 755 3038 pro
769 2974 917 3024 mnam-s
934 2974 994 3023 vet.
1004 2972 1049 3022 nn
1061 2971 1130 3033 apud
1147 2971 1236 3034 Sigon.
1246 2971 1397 3021 mmet.

298 3034 359 3083 Vid.
371 3036 435 3084 Not.
448 3038 558 3086 Van—d
576 3038 722 3101 ‘sigonium
737 3044 881 3101 poneretur:
899 3038 926 3086 id
941 3036 1013 3101 quod
1028 3035 1103 3085 nobie
1120 3038 1235 3084 occurrit
1253 3050 1397 3099 nusquam:

298 3098 343 3147 ned
355 3100 530 3158 scribendum,
541 3107 567 3149 et
578 3104 654 3151 entier
663 3106 793 3165 peteretur,
811 3103 863 3165 rel,
873 3106 900 3150 et
909 3102 998 3151 endu
1013 3104 1130 3164 peterent,
1138 3114 1238 3162 opusque
1248 3100 1398 3163 inciperent:

298 3168 326 3208 ut
337 3163 458 3225 lignatum
471 3166 549 3219 irent,
561 3166 639 3213 nitor
648 3166 782 3215 crederent
793 3179 824 3215 ne
832 3173 966 3228 pararent,
975 3166 1186 3229 queamdmodum
1194 3162 1397 3227 nlinitoqnirnrss

297 3225 325 3272 J.
338 3226 368 3274 F.
380 3226 485 3277 (ἔναιον.
518 3228 609 3278 Vultum
619 3234 726 3292 peterent
739 3229 876 3295 tegendum
886 3237 977 3280 censet
987 3235 1016 3278 et
1026 3230 1124 3279 Stroth.
1157 3228 1211 3277 Pro
1222 3234 1249 3277 nt
1260 3227 1329 3292 conj.
1342 3228 1396 3276 Ru·

792 3374 903 3426 Nom

330 3462 342 3496 ¹
360 3462 661 3533 cmtrr'rdimeturijmit]
679 3470 828 3537 sigonem·
866 3468 1170 3535 dimetaterignesuntl
1189 3467 1285 3517 Actira
1296 3483 1398 3534 quoqne

300 3538 348 3587 tris
368 3541 515 3592 communiri.
548 3544 600 3593 Sed
626 3547 741 3609 potiores
768 3547 828 3597 libri
866 3546 1065 3609 significatione,
1088 3544 1157 3608 npud
1176 3543 1286 3593 eundem
1304 3544 1397 3595 ende·

301 3614 411 3665 Geteuio
429 3621 456 3664 ct
471 3615 551 3665 Grou.
568 3620 624 3683 viri,
642 3621 738 3671 hubent
754 3623 828 3674 dime-
867 3622 913 3672 tib.
935 3622 1047 3672 ‘Eorum
1066 3622 1134 3681 enim
1157 3636 1246 3670 currus
1265 3620 1398 3681 dimetnti,

298 3691 355 3752 turi,
366 3704 417 3740 nou
433 3692 541 3741 muitum
554 3694 669 3744 variante
680 3698 829 3749 sententiar
866 3698 1030 3748 moturitntes
1048 3704 1200 3760 temporum,
1215 3703 1244 3745 et
1256 3698 1398 3746 varietates

298 3780 330 3815 eo
345 3766 412 3816 enim
434 3766 483 3815 fine
502 3767 622 3817 metimur
635 3771 717 3821 iocum
729 3778 827 3823 cestro·
864 3774 1072 3837 mutationesque
1082 3770 1269 3836 cognovimns!

298 3858 364 3906 rum,
376 3844 444 3908 quod
457 3852 498 3893 est
514 3844 619 3908 proprie
631 3854 716 3896 eastra
726 3848 830 3913 metari,
901 3848 907 3883 ¹
925 3850 958 3899 m
969 3851 1059 3899 mlum
1067 3848 1199 3912 peteretur]
1214 3847 1397 3912 Scribeudnm,

299 3924 329 3967 ut
348 3931 380 3967 en
397 3919 550 3971 muniamus.
583 3920 682 3971 Noster
693 3922 737 3972 tin.
751 3936 828 3977 xciv.
868 3933 899 3976 nt
908 3924 1024 3976 Gronov.
1034 3933 1131 3992 mouet,
1141 3931 1169 3974 rt
1179 3926 1254 3975 enites
1260 3930 1398 3989 pereum

299 3998 453 4057 ‘postquam
480 4001 578 4046 metata
599 4004 695 4061 castra,
719 3998 829 4062 impedi·
869 4008 924 4065 snt,
939 4002 1181 4064 rtmltanpeterent
1195 4015 1298 4065 opsequ
1310 4000 1398 4065 incipe-

300 4076 439 4134 mentnque
475 4071 600 4122 collecata
630 4073 829 4126 animadvertit?
868 4085 931 4129 rent.
965 4076 1398 4143 Nnmrattirnntpeli,qnibmed

300 4140 386 4193 Cicer.
399 4158 429 4193 rr.
441 4145 475 4194 de
486 4146 547 4195 Nat.
565 4149 678 4198 Deorum
695 4150 830 4215 metapho·
869 4151 1036 4203 muniendum
1048 4152 1156 4203 Romani
1164 4150 1319 4205 utebantur:
1335 4152 1399 4203 vu-

301 4216 355 4269 riee
366 4218 398 4269 de
411 4220 490 4284 cignis
501 4222 661 4287 celestibus,
682 4224 691 4255 ‘
702 4233 781 4291 etque
792 4225 831 4278 ite
868 4230 923 4283 lum
935 4243 997 4281 rere
1008 4235 1049 4281 ert
1057 4228 1141 4295 ipsum
1148 4229 1335 4282 munimentum
1342 4242 1397 4281 cnr·
