3150 4942
568 428 639 475 arn.
662 428 747 477 vrrr.
771 432 853 478 cae.
876 416 948 482 rt„
1205 416 1292 483 113⁷

199 588 313 654 quam,
330 570 554 651 expugnando
577 578 636 635 aut
659 572 693 635 in
707 571 908 637 deditionem
932 570 1130 655 accipiendo
1144 572 1291 655 singulas

198 671 312 747 urbes,
336 670 468 735 Latium
488 689 586 735 omne
604 671 775 753 subegere.
820 671 996 736 Praesidiis
1018 672 1094 735 inde
1119 672 1292 755 dispositis

197 790 259 854 per
282 777 419 854 recepta
440 772 580 854 oppida,
600 772 745 837 Romam
768 773 813 837 ad
835 773 1034 838 destinatum
1049 775 1196 837 omnium
1213 795 1293 839 con·

198 892 301 937 sensu
326 872 525 955 triumphum
549 872 732 937 decessere.
774 872 925 939 Additus
944 873 1111 957 triumpho
1124 875 1240 952 honos,
1255 884 1294 943 ut

196 980 318 1039 statuae
335 981 502 1057 equestres
516 976 576 1051 eis,
589 993 665 1039 rara
680 975 740 1040 illa
755 983 855 1039 aetate
870 994 935 1054 res,
949 976 983 1039 in
998 976 1072 1040 foro
1087 983 1293 1058 ponerentur.

199 1076 311 1153 Prius,
326 1094 425 1159 quam
440 1076 586 1139 comitiis
599 1078 632 1141 in
647 1077 879 1161 insequentem
892 1098 1014 1142 annum
1030 1078 1187 1144 consules
1199 1098 1293 1160 roga·

199 1184 284 1256 rent,
295 1176 458 1241 Camillus
472 1176 515 1239 de
530 1177 661 1243 Latinis
677 1181 816 1263 populis
830 1178 874 1243 ad
889 1189 1040 1244 senatum
1056 1180 1180 1251 retulit,
1190 1186 1294 1262 atque

199 1276 247 1343 ita
262 1278 436 1343 disseruit:
459 1276 606 1343 ‘Patres
628 1281 823 1361 conscripti,
845 1280 936 1362 qnod
961 1280 1052 1344 bello
1075 1280 1241 1362 armisque
1258 1280 1294 1341 iu
1396 1330 1407 1345 .

199 1377 300 1443 latio
316 1379 481 1459 agendum
506 1378 580 1452 t'uit,
601 1379 634 1443 id
652 1379 723 1463 jurn
750 1380 861 1447 Deum
882 1380 1082 1461 benignitate
1107 1399 1149 1444 ac
1171 1380 1295 1445 virtute

200 1479 343 1545 militum
356 1480 398 1545 ad
414 1480 510 1544 finem
526 1480 627 1545 venit.
669 1480 759 1545 Garsi
774 1482 818 1545 ad
834 1480 962 1544 Pedum
974 1478 1203 1563 Asturamque
1218 1486 1296 1545 sunt

200 1579 366 1645 exercitus
384 1580 551 1659 hostium3
581 1580 708 1664 oppida
733 1580 854 1645 Latiua
876 1581 1002 1658 omnia,
1028 1586 1065 1645 et
1086 1579 1223 1645 Antium
1250 1600 1295 1645 ex

200 1680 351 1760 Volscis,
365 1690 425 1745 aut
439 1682 473 1745 vi
489 1688 599 1765 capta,
614 1689 671 1747 aut
693 1691 827 1766 receptu
840 1684 877 1747 in
891 1682 1109 1760 deditionem,
1124 1683 1295 1766 presidiis

199 1788 351 1875 tenentur
365 1782 496 1847 vestris.
540 1780 689 1867 Reliqua
702 1784 905 1848 consultatio
923 1790 985 1861 est,
1008 1785 1166 1866 quoniam
1188 1784 1296 1847 rebel·

198 1884 302 1973 lando
317 1885 444 1966 saepius
466 1904 530 1948 uos
556 1883 738 1961 solicitant,
751 1904 893 1969 quonam
909 1885 1008 1951 modo
1027 1893 1191 1969 perpetue
1209 1904 1295 1964 pace
1401 1894 1405 1901 ’

200 1986 330 2068 quietos
343 1986 562 2050 obtineamus.
601 1984 657 2048 Dii
672 1985 877 2049 immortales
891 1986 941 2050 ita
955 2006 1017 2050 vos
1033 1994 1187 2070 potentes
1198 1986 1296 2071 hujus

200 2087 333 2150 consilii
347 2086 507 2162 fecerunt,
518 2093 566 2163 ut,
583 2086 628 2150 sit
645 2086 778 2149 Latium
789 2086 919 2162 deiude,
935 2106 977 2150 an
992 2106 1059 2151 nou
1073 2089 1130 2163 sit,
1142 2086 1177 2149 iu
1188 2095 1297 2152 vestra

200 2204 302 2254 mann
314 2189 496 2271 posuerint·
527 2186 649 2269 Itaque
661 2206 783 2271 pacem
798 2186 906 2262 vobis,
915 2186 1006 2269 quod
1018 2186 1061 2251 ad
1072 2186 1213 2250 Latinos
1223 2186 1296 2251 atti-

200 2294 266 2368 net,
279 2290 443 2372 purarein
459 2296 668 2371 perpetuum,
684 2289 737 2353 vel
750 2287 933 2364 saeviendo,
945 2286 998 2350 vel
1013 2286 1226 2371 ignoscendo,
1236 2306 1298 2370 po·

200 2391 308 2454 testis.
325 2388 441 2454 Vultis
450 2389 627 2453 crudeliter
639 2390 813 2453 consulere
824 2391 857 2452 in
869 2388 999 2453 deditos
1009 2388 1206 2470 victosquei
1217 2387 1298 2451 licet

201 2490 313 2557 delere
328 2510 426 2555 omne
438 2490 586 2569 Latium,
599 2503 714 2555 vastas
740 2491 818 2554 inde
840 2488 1037 2555 solitudines
1057 2488 1183 2567 iacere,
1210 2489 1298 2553 unde

202 2594 323 2657 sociali
335 2594 467 2674 egregio
481 2594 630 2657 exercitu
647 2592 827 2674 permulta
840 2592 931 2656 bella
942 2611 1130 2674 magnaque
1139 2611 1230 2675 saepe
1244 2592 1299 2655 usi

201 2695 296 2759 estis.
318 2691 433 2757 Vultis
448 2692 604 2775 exemplo
619 2692 783 2775 majorum
800 2712 922 2773 augere
936 2712 1004 2756 rem
1017 2692 1218 2769 Romanam,
1229 2692 1296 2755 vic-

201 2802 257 2861 tos
271 2795 306 2857 in
316 2793 483 2858 civitatem
493 2792 715 2876 accipiendo?
731 2793 867 2855 materia
883 2792 1056 2857 crescendi
1065 2812 1124 2875 per
1135 2806 1297 2857 summam

202 2894 341 2977 glodam
358 2892 568 2976 suppeditat.
612 2892 709 2956 Certe
724 2892 759 2955 id
774 2892 1001 2956 firmissimum
1015 2893 1112 2973 longe
1125 2893 1298 2974 imperium

202 3000 342 3077 est,quo
355 2992 549 3058 obedientes
565 2991 721 3074 gaudent.
764 2990 832 3056 Sed
847 3000 1010 3055 maturato
1025 3000 1191 3074 opusest,
1206 2989 1310 3073 quic-⁴
1360 3002 1371 3021 ’

202 3094 284 3179 quid
299 3100 444 3159 statuere
467 3092 587 3175 placet.
629 3091 699 3157 Tot
713 3091 861 3177 populos
883 3094 966 3157 iuter
988 3111 1082 3174 spem
1109 3092 1300 3175 metumque

204 3214 387 3277 suspensos
399 3194 501 3257 animi
516 3192 664 3257 habetis:
687 3201 724 3261 et
735 3202 879 3257 vestrum
894 3193 1010 3275 itaque
1019 3199 1048 3229 ²⁰
1061 3193 1103 3257 de
1119 3193 1170 3256 eis
1186 3211 1299 3256 curam

203 3315 305 3381 qnam
319 3296 462 3385 primurn
474 3294 614 3371 absolvi,
627 3300 663 3359 et
677 3294 807 3358 illorum
823 3294 963 3372 animos,
975 3293 1051 3357 dum
1065 3294 1299 3376 expectatione

122 3397 125 3405 '
205 3403 354 3479 stupent,
377 3414 434 3461 seu
464 3413 577 3478 poena,
600 3414 659 3458 seu
687 3393 866 3472 beneflcio,
901 3394 1133 3477 praeoccupari
1159 3401 1300 3477 oportet.

205 3494 382 3559 Nostrum¹
393 3494 457 3557 fuit
471 3492 612 3572 efficere,
627 3500 663 3559 nt
677 3496 825 3558 omnium
840 3514 946 3559 rernm
959 3495 1058 3559 vobis
1072 3495 1115 3558 ad
1127 3494 1300 3559 consulen-

206 3594 285 3660 dum
297 3602 445 3681 potestas
460 3603 569 3658 essett
592 3602 736 3659 vestrum
752 3602 804 3659 est
817 3596 1005 3674 decernere,
1020 3595 1110 3679 quod
1135 3598 1301 3681 optimum

204 3698 302 3763 vobis
318 3697 432 3783 reique
447 3695 596 3778 publicae
611 3696 678 3761 sit?
1103 3702 1110 3715 ‘

247 3797 302 3861 1⁴.
327 3796 501 3879 Principes
516 3807 655 3861 senatus
673 3796 867 3861 relationem
882 3798 1034 3863 consulis
1047 3797 1090 3861 de
1104 3813 1237 3860 summe
1251 3812 1302 3857 re·

203 3916 278 3963 rum
293 3898 449 3973 landam
472 3897 544 3976 sed,
559 3916 636 3962 cnm
656 3898 799 3965 aliorum
815 3918 920 3964 eausa
935 3899 1001 3964 alia
1015 3905 1117 3974 esset,
1130 3897 1181 3959 itu
1195 3913 1300 3980 expe·

661 4060 846 4084 ”enmono

203 4144 503 4242 „meu-ruas
524 4176 779 4242 manupae
798 4176 911 4231 aarum
931 4182 997 4228 vui.
1014 4174 1077 4229 rrae.
1095 4175 1230 4240 urm-r
1248 4174 1304 4231 aa.

208 4242 275 4293 duat
285 4242 347 4295 entra
358 4242 475 4293 Gronov·
484 4242 591 4310 Doujat.
600 4242 717 4295 Crevier.
