3150 4942
604 417 675 466 ms.
700 417 751 466 vr.
774 417 857 468 oar.
878 402 932 467 18.
1244 403 1310 470 9⁶9

216 560 311 646 plebi
334 567 580 645 peropportune
604 566 740 627 externa
763 579 835 643 pax
865 561 964 626 data:
997 561 1098 644 piebi,
1123 563 1214 646 qnod
1244 583 1309 628 non

214 669 360 728 avocata
370 661 507 727 delectu
519 679 615 745 spem
631 663 736 745 cepit,
751 662 827 727 dum
842 666 1086 745 tampotentem
1099 661 1234 728 haberet
1248 664 1310 728 dn·

100 843 105 850 ,
217 779 305 840 cem,
317 763 453 828 ioeneris
466 763 680 846 expugnandi
692 784 702 844 ;
714 774 729 801 ⁸
750 762 923 840 Patribus,
943 780 986 825 ne
1008 781 1077 844 quo
1092 768 1228 828 externo
1244 769 1309 828 ter,

216 881 291 927 rore
306 871 527 929 avocarentur
542 863 643 928 animi
652 865 696 930 ab
707 862 867 928 sanandis
881 862 1073 928 domesticis
1086 863 1195 929 malis.
1239 863 1308 947 lgi-

215 971 281 1040 tur,
304 983 380 1030 cnm
406 983 487 1048 pars
511 969 652 1049 utraque
680 966 788 1030 aanor
812 965 984 1047 aliquanto
1005 971 1121 1028 coorta
1145 973 1248 1044 esset,
1271 967 1307 1030 in

215 1066 440 1148 propinquum
465 1073 657 1130 certamen*¹
688 1065 804 1130 aderat
830 1072 863 1129 et
886 1065 1045 1130 Manlius.
1089 1063 1269 1131 Advocato
1280 1074 1307 1114 ¹⁴

210 1166 350 1230 domum
365 1165 484 1248 ¹plebe,
499 1185 576 1232 cum
591 1165 801 1250 principibus
823 1165 1054 1229 novandamm
1076 1185 1185 1229 rernm
1209 1167 1306 1231 inter·

213 1265 274 1330 diu
285 1275 456 1350 noctuque
483 1266 625 1332 consilia
647 1268 763 1346 agitat,
777 1267 907 1350 plenior
924 1267 1097 1349 aliquanto
1123 1267 1304 1332 animorum

209 1367 416 1451 irarumque,
428 1385 528 1450 quam
542 1372 639 1434 antea
652 1365 769 1434 suerat.
806 1367 897 1432 Iram
911 1365 1113 1430 accenderat
1122 1365 1306 1447 ignominia

119 1527 123 1532 .
211 1486 327 1532 recens
342 1469 377 1532 in
392 1469 500 1532 auimo
516 1467 557 1532 ad
573 1469 806 1534 contumeliam
819 1468 1016 1551 inexperto:
1038 1467 1176 1550 spiritns
1190 1466 1304 1544 dabat

211 1566 305 1650 quod
319 1586 382 1632 nec
397 1585 501 1631 ausos
517 1575 606 1632 esset
617 1569 705 1634 idem
719 1571 753 1634 in
769 1588 807 1634 se
820 1569 976 1646 dictator,
990 1567 1079 1651 quod
1091 1569 1126 1631 in
1140 1567 1201 1652 Sp.
1216 1568 1304 1633 Mm-

207 1667 256 1732 lio
281 1667 499 1733 Cincinnatus
524 1667 684 1747 Quintius
708 1671 869 1751 secisset;
891 1676 928 1734 et
945 1668 1150 1734 vinculorum
1170 1687 1303 1734 suorum

210 1770 368 1836 invidiam
380 1788 448 1837 non
461 1769 605 1836 dictator
621 1771 722 1836 modo
738 1772 930 1837 abdicando
943 1765 1142 1836 dictaturam
1151 1768 1302 1852 fugisset,

209 1870 271 1938 sed
284 1889 326 1936 ne
342 1876 476 1937 senatus
491 1871 625 1955 quidem
645 1872 807 1937 sustinere
820 1873 1002 1955 potuisset.
1047 1871 1116 1934 His
1137 1871 1236 1934 simul
1252 1871 1303 1934 in·

208 1971 308 2039 flatus
323 1975 616 2057 exacerbatusque
627 1973 697 2055 jam
716 1993 775 2056 per
785 1995 824 2038 se
840 1993 1005 2039 accensos
1021 1971 1182 2037 incitabat
1192 1971 1303 2054 plebis

207 2073 356 2146 animos:
378 2070 584 2157 ‘Quousque
599 2073 731 2137 tandem
745 2074 939 2156 ignorabitis
954 2074 1040 2136 vires
1055 2079 1193 2149 vestras,
1216 2091 1302 2153 quas

208 2177 324 2238 natura
339 2193 380 2236 ne
393 2171 525 2238 belluas
540 2173 673 2256 quidem
684 2174 835 2256 ignorare
847 2173 975 2237 voluitt
986 2181 1157 2236 numerate
1167 2172 1299 2247 saltem,

207 2278 290 2356 quot
301 2273 366 2357 ipsi
375 2273 458 2350 sitis,
474 2279 554 2356 quot
565 2271 777 2338 adversarios
797 2274 961 2338 habeatis.
1005 2273 1043 2337 Si
1055 2273 1299 2354 singulisingu·

203 2374 259 2439 ios
269 2375 456 2457 aggressuri
467 2375 599 2452 essetis,
616 2379 727 2440 tamen
741 2375 853 2444 acrius
872 2374 1038 2440 crederem
1059 2393 1122 2440 vos
1135 2373 1299 2458 prolibar-

206 2481 286 2554 tate,
308 2493 407 2559 qnam
430 2475 507 2540 illos
531 2495 592 2559 pro
608 2476 843 2555 dominatione,
856 2484 1049 2544 certaturos.
1093 2474 1189 2554 Quot
1208 2474 1298 2540 enim

235 2677 249 2702 ¹
264 2667 381 2720 Atrebati
389 2668 597 2733 pomnsoesebre
607 2672 700 2722 mulum·

658 2813 839 2837 novumn

203 2966 251 3024 eat,
258 2959 395 3025 legendnm
408 2960 478 3012 foret
489 2962 601 3013 smum?
617 2963 716 3014 Stroth.
750 2960 811 3011 vid.
824 2962 889 3012 Not.
899 2959 1025 3010 Vsa—lt
1042 2959 1113 3008 Esset
1119 2956 1293 3022 ,orsam

201 3031 319 3076 carim
330 3029 428 3077 sumt:
443 3031 467 3078 et
480 3028 586 3076 Mustius
596 3029 710 3078 admotu
724 3027 840 3078 Gronov.
858 3026 967 3088 DouJat.
986 3025 1101 3098 Crevier.
1131 3023 1294 3083 Coactum,

198 3089 328 3204 iiiiii
335 3097 463 3204 mitt
475 3084 1293 3220 totta}fittwttnwttattitt:

688 3315 797 3366 Now

238 3451 250 3476 ¹
278 3441 310 3491 Ia
333 3442 488 3506 praequam
514 3439 643 3504 cenum]
676 3441 727 3492 Co·
764 3457 819 3492 raes
841 3441 870 3490 ἐκ
893 3440 1046 3504 msam
1069 3437 1168 3486 oderat:
1192 3433 1293 3486 scilicet

199 3515 270 3568 dices
292 3518 396 3582 quidum
419 3519 515 3568 hubent
534 3519 561 3568 ia
580 3517 726 3582 propinem:
764 3525 871 3582 tenpus:
887 3511 1100 3582 quemadmodem
1119 3512 1138 3562 t.
1157 3524 1189 3560 11·
1208 3524 1232 3560 o.
1248 3515 1290 3560 tt).

198 3593 402 3660 quodsauenon
421 3605 460 3644 ert
476 3595 666 3658 curquisanm
684 3609 725 3644 re·
764 3594 782 3645 t.
795 3596 909 3643 ΜΗ.
925 3591 1033 3655 rtiirqne
1049 3589 1112 3638 toci·
1124 3586 1199 3641 dixit,
1214 3587 1290 3649 ‘pro-
1351 3623 1355 3632 .

198 3668 352 3736 prehendat.
365 3671 621 3731 Gronov.tsureu‚es
632 3671 722 3719 lectio·
763 3670 852 3720 rotant
863 3670 889 3720 iu
900 3663 1027 3731 primum,’
1045 3664 1088 3712 ‘tn
1107 3662 1214 3725 primunr
1232 3675 1290 3710 sne·

196 3759 230 3796 ue
246 3745 315 3796 haud
336 3753 482 3800 coutantur,
498 3747 604 3810 mavult,
621 3746 723 3795 sublata
761 3743 901 3801 comtum&
926 3742 1044 3793 nimirum
1071 3741 1154 3788 tecm
1186 3735 1240 3785 Aut
1267 3737 1291 3786 si

196 3821 381 3887 praepositione
399 3822 434 3878 in,
452 3822 561 3887 aliisque
577 3821 672 3885 verbis,
684 3823 721 3873 stc
762 3820 913 3884 conjunctio
933 3823 967 3879 et,
983 3822 1045 3866 ante
1061 3826 1155 3862 nomen
1172 3812 1289 3869 Mustius,

194 3896 351 3946 emendaret
373 3897 433 3945 Casa
448 3911 506 3959 pure
525 3901 625 3960 utruque
644 3899 722 3948 acras·
762 3894 879 3946 tollenda
888 3893 949 3954 furit,
959 3901 987 3941 ut
997 3892 1113 3941 Gronov.
1123 3888 1214 3944 risum,
1225 3885 1289 3953 quid

193 3972 319 4037 atium
339 3975 419 4020 coortu
438 3976 499 4021 esset
517 3971 545 4020 is
567 3971 722 4035 moringam
760 3971 990 4035 aberitquuroiuus
1007 3973 1034 4015 et
1051 3966 1152 4028 tegatur
1167 3970 1195 4013 et
1211 3963 1288 4013 intel·

192 4047 337 4104 amen,-
354 4045 475 4096 Mnaso·
491 4047 532 4108 ξε.
559 4046 638 4104 Quid,
649 4049 671 4096 si
682 4047 720 4097 ni·
760 4046 856 4111 ligatur
871 4058 887 4094 a
903 4043 1008 4108 quouis:
1025 4039 1078 4101 jun
1093 4039 1120 4089 is
1130 4039 1287 4105 propinqus·

193 4123 230 4172 hit
241 4120 402 4178 mutandum,
411 4121 543 4185 voluitque
552 4121 647 4187 Livius,
655 4123 719 4174 ticet
759 4127 878 4172 maura
908 4121 991 4168 sano
1022 4115 1139 4182 Mustiae,
1164 4117 1287 4177 suumn,

193 4197 278 4248 miuus
289 4197 395 4256 miratu,
406 4209 422 4245 a
432 4210 478 4245 ruo
490 4204 576 4248 ramea
589 4196 656 4260 stylo
667 4211 719 4248 nou
758 4201 800 4264 tre.

193 4273 719 4340 rtisns‚toquendtforma,soriberecerto·
