3150 4942
202 469 210 482 ·
277 389 364 456 102⁰
744 401 778 448 r.
801 397 898 448 mvn

276 552 422 612 temeret
437 562 478 609 nc
492 542 607 608 rudem
623 541 757 608 sternis
767 541 964 624 jaciebeut3
976 549 990 576 ¹
1011 540 1070 606 aed
1085 538 1244 626 impietus
1255 537 1367 607 medie

275 655 436 724 nutrires,i
457 647 628 730 descripto
644 645 715 728 jorn
735 643 777 708 ad
800 644 970 708 tibicinem
985 649 1099 720 cento,
1112 649 1273 728 motoque
1286 665 1370 710 eon·

275 749 403 832 groouti
429 748 643 832 peragebant.
689 746 808 810 Lirim
832 751 913 828 post
934 745 1065 828 aliquot
1085 753 1218 822 oannes,¹
1239 748 1299 829 qui
1322 749 1368 812 nb

274 852 396 915 orituris
411 867 515 914 ansus
535 854 587 912 est
602 849 728 930 primus
742 854 937 928 argomento
951 845 1100 910 fabulam
1114 853 1250 922 serere,⁸
1262 847 1369 924 (idem

275 951 419 1028 scilicet,
447 951 482 1014 id
507 949 597 1033 quod
618 966 732 1011 omnes
756 955 828 1010 tom
853 953 990 1022 cront,¹⁰
1018 965 1155 1010 snorum
1184 949 1369 1011 carminum

274 1050 408 1130 actori)
431 1051 560 1127 dicitur,
585 1069 661 1112 cum
684 1050 815 1132 saepins
840 1052 1017 1112 revocatus
1036 1066 1153 1111 vocem
1168 1047 1370 1125 obtudisset,

273 1157 371 1220 venia
395 1154 501 1237 petito
526 1171 664 1236 puerum
689 1151 734 1215 ed
758 1150 967 1215 canendnm⁰
996 1155 1071 1213 onte
1091 1148 1265 1213 tibicinem
1290 1168 1369 1214 cum

272 1415 401 1464 ⁹¹Forte
421 1413 469 1476 leg.
493 1413 634 1464 Fescennino
654 1428 723 1463 mon
741 1413 800 1476 (aut
811 1411 901 1476 cerm)
919 1412 1029 1472 similem,
1046 1413 1065 1460 ι’.
1077 1428 1098 1461 e.
1109 1410 1259 1474 compositum
1269 1416 1368 1472 nme,

271 1479 323 1528 uisi
343 1477 426 1538 maiis,
441 1477 477 1526 oei
497 1479 648 1542 compositori
668 1483 754 1527 tesam
774 1481 834 1526 cer-¹
861 1479 971 1540 Repert.
1005 1475 1064 1525 vid.
1083 1473 1127 1524 int.
1145 1483 1173 1523 st
1187 1475 1251 1525 Not.
1269 1475 1368 1548 Vsa-3-

273 1547 304 1592 1⁰
321 1541 329 1570 ‘
338 1541 370 1590 1o
380 1544 440 1605 qaod
454 1555 532 1592 nonin
542 1547 592 1591 tnsr
602 1547 670 1591 erent
679 1541 779 1591 scilicet
790 1542 920 1590 cornisam
933 1556 954 1589 a.
967 1539 1111 1589 t'sboisrum
1122 1545 1242 1588 suctorer
1254 1539 1294 1586 sei
1306 1552 1369 1602 poe-

272 1614 306 1655 ιω
318 1603 513 1670 cremationem
527 1605 675 1668 dramntas.
687 1603 786 1654 i'nbnias
798 1619 849 1654 non
861 1603 937 1654 modo
948 1617 1112 1668 componere,
1122 1601 1168 1652 sed
1180 1603 1260 1652 etiarn
1272 1601 1369 1651 dooere

272 1677 300 1719 et
311 1683 387 1732 agere
399 1669 525 1719 solebant.
561 1669 667 1732 Eiiipsia
685 1669 750 1718 dura
763 1677 814 1724 eat,
832 1676 860 1717 et
871 1669 950 1717 rerba
963 1683 1077 1733 qnoque,
1093 1668 1239 1744 pereotbesi
1259 1667 1368 1751 ἰιιοΙιιιιι

270 1733 392 1784 ridentur
404 1733 459 1784 iooo
469 1748 516 1784 suo
527 1741 600 1784 mets
608 1747 672 1797 esse,
680 1741 759 1798 atque
769 1740 829 1798 post
838 1747 895 1784 soe.
904 1738 1026 1783 reveretur
1034 1735 1074 1782 rei
1085 1731 1356 1796 olimponensis.

766 1877 874 1930 NOTAE

303 1979 316 2006 ¹
333 1975 514 2039 incompositum
525 1981 650 2026 temereoc
667 1977 748 2025 rudem
764 1977 798 2025 ol
837 1975 966 2025 hominnm
984 1974 1010 2024 in
1030 1973 1132 2023 tbestro
1149 1971 1243 2021 isnitsti
1261 1970 1367 2022 tandem

268 2049 345 2099 ternis
352 2049 486 2114 jocieborsi]
503 2051 625 2113 Sigonius
640 2051 800 2115 conjiciebat
837 2061 897 2102 snut
916 2050 1014 2113 tripiici
1032 2060 1136 2112 genem,
1152 2046 1290 2096 scitatione
1310 2059 1366 2096 mn·

269 2125 406 2187 legendnm
426 2125 571 2175 Fescennino
588 2126 688 2176 similem
707 2141 800 2176 cneum
837 2127 934 2184 duleis,
947 2132 1084 2180 concentu,
1095 2131 1122 2174 et
1134 2137 1220 2172 seran.
1389 2154 1394 2164 ·

268 2201 421 2262 composition
437 2205 540 2251 temere:
565 2201 602 2250 its
614 2213 642 2250 nt
655 2201 799 2265 primasyl-
868 2201 1140 2265 *hisimpoetotiqsot
1150 2197 1235 2260 moos]
1252 2198 1305 2249 Hic
1319 2197 1364 2248 12·-

267 2275 329 2324 iabs
346 2277 416 2326 vocis
432 2277 619 2340 incompositum,
637 2280 664 2326 irs
684 2278 797 2333 scilicet,
837 2278 893 2328 vlns
911 2277 1078 2327 Andronicus
1094 2275 1190 2339 primns
1208 2273 1363 2323 comoedinm

268 2350 430 2400 librariorum
440 2353 504 2402 sirio
515 2353 633 2402 derivate
643 2355 716 2402 sites
729 2355 798 2401 mni·
836 2354 931 2404 Latino
944 2365 1063 2401 sermone
1081 2350 1255 2412 comperuisse
1275 2349 1368 2399 scribi·

268 2427 331 2476 tinio
343 2427 418 2474 litera
429 2427 500 2477 socia
510 2443 610 2477 serrum
638 2426 799 2491 eniienim,
836 2436 912 2478 tnra
935 2425 1061 2476 Diomede
1094 2425 1282 2476 Grammatico.
1331 2423 1365 2474 Α.

268 2499 797 2567 iuquit,aipniiicatoersesincompositum·
836 2499 1365 2553 (leii.iib.xvir.e.uit.idrrfertsdcon·

269 2579 348 2624 mere?
365 2575 417 2624 Sed
427 2577 586 2639 adverbium,
595 2582 690 2633 temere,
700 2591 750 2628 non
763 2579 796 2626 ud
834 2581 946 2628 suisium
958 2577 1060 2627 clandii
1073 2577 1204 2640 statuitis,
1219 2577 1263 2640 qni
1279 2575 1369 2640 Appii*

268 2651 454 2714 incompositum,
477 2653 522 2701 sed
542 2653 574 2701 ad
588 2653 704 2718 verbnm,
718 2654 796 2715 Jocie-
834 2653 905 2703 Caeci
914 2653 981 2702 nnnc
990 2659 1057 2710 erat,
1065 2661 1094 2701 et
1106 2653 1144 2701 iit.
1153 2651 1299 2715 Sempronii
1307 2651 1363 2700 'lbr-

267 2726 333 2780 bost,
346 2726 438 2776 referri
450 2735 524 2776 notat
536 2728 652 2778 Gronov.
665 2736 694 2778 ut
705 2743 796 2779 sensus
834 2730 927 2787 ditoni,
939 2731 965 2778 id
977 2737 1019 2779 est
1029 2743 1124 2779 sunum
1134 2730 1168 2779 U.
1181 2730 1212 2779 C.
1220 2733 1279 2778 tlt.

269 2801 313 2856 ait,
331 2814 422 2850 sersus
445 2802 635 2866 imcompositos
657 2819 688 2853 sc
708 2805 796 2870 rudes,
864 2807 1112 2856 anianenses
1129 2810 1167 2855 cst
1183 2806 1275 2868 prim
1287 2817 1362 2866 ores·

270 2873 437 2924 Fescenninia
449 2877 557 2937 aimiies,
578 2886 675 2928 temere
691 2893 722 2929 sc
739 2882 796 2931 aine
833 2887 910 2932 meato
918 2882 1029 2942 sobrium
1038 2880 1127 2944 serere]
1142 2880 1217 2937 Vult,
1234 2880 1260 2928 ni
1277 2879 1364 2943 folior,

266 2959 323 2999 erte
347 2951 452 3001 alternis
470 2951 587 3015 jactatos
610 2955 643 3002 ab
664 2955 796 3005 histrioni·
833 2971 891 3006 cnm
899 2956 1365 3020 Luciliusastyricocsrraiuisgenera

266 3026 326 3074 bna.
833 3031 934 3081 isbnias
946 3032 1110 3086 instituisset,
1129 3046 1192 3095 qno,
1210 3031 1244 3080 de
1263 3043 1364 3094 reque·

297 3099 438 3163 iduum]
455 3099 525 3152 Quid
544 3109 642 3167 meere,
660 3105 701 3152 vei
712 3105 796 3154 nure
833 3121 894 3171 qne,
910 3119 1000 3156 sersus
1019 3107 1091 3156 uuiio
1114 3113 1189 3157 certo
1211 3110 1368 3170 mgumeuto

267 3175 370 3225 nomine
383 3175 552 3240 significetur,
570 3178 708 3229 indicatum
719 3189 796 3230 antes
833 3182 931 3231 astricti
943 3180 978 3231 ob
988 3180 1154 3231 histrionibus
1171 3181 1361 3241 misebuntur,

265 3257 313 3307 eat,
325 3251 369 3300 lib.
380 3265 407 3302 v.
418 3265 475 3313 cop.
487 3253 528 3302 89.
553 3251 604 3304 liic
625 3256 735 3304 sumitur
745 3271 795 3319 pro
833 3257 944 3315 livium,
963 3271 996 3307 eo
1014 3271 1111 3321 genera
1134 3257 1237 3314 relicto,
1258 3254 1367 3306 fabulas

264 3341 361 3392 genere
374 3327 502 3393 pobmatis
519 3329 615 3379 scenici
634 3330 703 3394 qnod
724 3329 796 3380 Lati·
833 3345 902 3392 unm,
922 3331 1073 3383 (incorum
1091 3345 1173 3395 more,
1191 3331 1224 3381 td
1243 3331 1364 3395 qondam

264 3413 356 3452 norum
380 3403 513 3467 proprium
537 3403 711 3455 Quintilianus
733 3420 795 3456 cen·
831 3415 985 3469 arguments
1006 3416 1080 3456 certo
1107 3405 1197 3456 ordine
1224 3405 1363 3455 tractanda

264 3478 316 3525 snit
328 3490 343 3525 a
355 3475 512 3528 Godeievoeo
531 3478 663 3529 laudatus.
692 3480 796 3531 'Satiris
832 3495 957 3531 revocare
970 3497 1061 3533 nnanm
1077 3496 1150 3531 esses
1168 3482 1205 3531 ita
1223 3489 1253 3531 nt
1272 3489 1364 3547 ‘argn-

264 3551 434 3608 Lstinorum,'
448 3553 541 3617 inquit,
558 3561 633 3604 ‘tota
644 3562 694 3611 est,
711 3569 795 3621 neque
832 3566 920 3607 mento
940 3557 1053 3607 inbniaur
1075 3556 1180 3608 serere'
1207 3559 1252 3621 sii,
1274 3564 1362 3620 partes

264 3638 280 3676 a
302 3627 402 3678 Graecia
425 3627 563 3679 accepite.
603 3629 704 3680 Satires
726 3633 794 3681 euim
831 3634 912 3697 ipsius
934 3633 1046 3682 conficto
1072 3633 1184 3697 quodam
1209 3639 1363 3696 argumento

264 3703 414 3754 Grecinon
427 3704 606 3768 seripserunt?
647 3705 795 3757 Fatendum
831 3717 996 3764 connectere,
1007 3717 1034 3758 et
1046 3707 1121 3772 qussi
1132 3708 1243 3758 invicem
1255 3718 1362 3757 contax-

263 3785 350 3829 tsmen
360 3788 399 3829 est
408 3779 545 3838 Lucilium,
554 3780 689 3831 satirarum
706 3783 795 3846 insen·
831 3798 876 3833 ere
882 3804 891 3848 3
910 3791 939 3833 ut
950 3798 1029 3834 scens
1040 3796 1158 3834 unacum
1168 3783 1219 3833 alia
1230 3783 1363 3833 continue·

262 3859 354 3912 torem,
373 3855 468 3906 veteris
487 3856 642 3906 Graecorom
660 3858 795 3909 comoedire
831 3868 882 3910 tur.

263 3928 409 3980 imitatione
438 3929 539 3982 fabulas
566 3945 624 3981 anm
645 3932 792 3998 scripsisse,
863 3933 993 3985 enom
1009 3935 1140 3984 eorssiasst
1156 3934 1235 3997 onor]
1261 3934 1362 3984 Comm-

264 4005 304 4052 vei
318 4005 373 4068 ipso
392 4005 485 4057 Horat.
506 4016 574 4058 teste
593 4009 649 4058 Sat.
661 4014 685 4058 4.
702 4009 748 4059 lib.
770 4024 790 4059 r.
832 4010 931 4059 dierum
943 4008 1021 4059 iidem
1032 4011 1121 4073 primis
1132 4009 1292 4072 temporibus
1299 4021 1361 4057 ane·

264 4075 352 4142 Atque
368 4080 425 4130 baec
442 4091 528 4146 satyra
547 4100 562 4133 a
578 4085 673 4147 satyris
691 4093 791 4136 temere
832 4094 901 4135 tores
923 4092 952 4134 et
972 4093 1092 4135 setores:
1120 4086 1188 4134 trude
1210 4093 1237 4134 et
1257 4084 1360 4134 suboles

263 4154 417 4205 odientibus
442 4155 513 4208 dicta
541 4167 655 4222 putetur.
696 4160 791 4225 igitur,
831 4161 926 4210 docere
953 4160 1116 4210 dicebantnr.
1156 4160 1244 4223 Agere
1270 4168 1359 4210 autern

264 4227 374 4280 Romsni
396 4230 546 4284 creceium
567 4235 698 4299 exemplo,
719 4235 791 4286 fecte
831 4243 887 4286 erst
898 4236 1042 4300 presertim
1052 4236 1190 4286 scitatione
1203 4238 1358 4300 exprimere.
