3150 4942
576 415 721 488 ntncvrss
745 439 828 488 one.
850 425 882 486 5.
1206 424 1271 489 otio

179 586 358 651 nobilitato
372 587 459 661 ess'e,
474 603 571 666 quent
587 603 608 648 a
623 584 761 649 Volscis
777 583 924 648 mem:-
945 585 988 648 nb
1012 585 1077 649 illis
1096 587 1184 651 enim
1197 593 1271 651 ten·

180 695 265 764 tum,
281 685 390 770 quoad
406 687 495 750 vires
509 691 542 750 ot
556 705 648 750 armo
663 685 848 762 habuerint,
863 686 1070 750 incursiones
1089 705 1132 750 eo
1144 687 1269 752 soctan:

83 815 85 820 ·
179 788 311 856 nobiles
339 787 488 850 homines
517 787 550 848 in
578 789 829 872 possessionem
854 787 922 868 agri
952 786 1080 869 publici
1110 789 1269 866 grassari:

177 907 255 965 neo,
268 889 343 964 nisi,
357 895 533 969 antequam
548 887 662 953 omnio
675 889 911 970 praeeipient‚¹³
920 899 936 924 ⁸
949 887 1079 951 divisus
1095 888 1148 964 sit,
1159 888 1271 952 looum

178 987 228 1051 ibi
244 988 333 1069 plebi
348 988 441 1052 sore!
484 987 589 1052 Haud
611 1007 730 1069 magno
753 1008 858 1072 opero
881 989 1012 1071 plebem
1034 993 1216 1066 moverent,
1235 997 1271 1054 et

178 1088 411 1170 infrequentem
436 1088 469 1151 in
492 1089 566 1151 foro
588 1095 722 1172 propter
746 1089 934 1153 aediticnndi
956 1107 1080 1163 curem,
1098 1096 1133 1150 et
1154 1089 1270 1152 eodem

178 1187 376 1253 exhaustam
402 1188 576 1269 impensis,
599 1207 708 1270 eoque
739 1190 808 1269 agri
838 1191 1072 1264 immemorem,
1100 1188 1144 1251 od
1173 1207 1272 1270 quem

179 1287 409 1351 instruendum
436 1289 523 1350 vires
551 1306 614 1350 non
635 1292 765 1351 essent·
809 1288 851 1352 Iu
866 1289 1006 1352 civitate
1026 1289 1127 1370 plene
1142 1290 1271 1370 religio

178 1407 269 1462 nuru,
287 1395 355 1451 tunt
370 1388 474 1451 etiam
489 1388 533 1451 nb
547 1388 669 1451 recenti
684 1387 783 1451 clade
799 1388 1040 1470 superstitiosis
1053 1389 1272 1472 principibus,

179 1494 216 1553 nt
230 1490 639 1572 renovarentureuspioie,
663 1508 717 1552 res
744 1489 787 1553 nd
811 1485 1172 1571 interregnum¹rediit
1217 1489 1273 1552 Iu·

161 1641 162 1644 ¹
180 1594 320 1670 torreges
335 1590 495 1672 deinceps
517 1589 568 1654 Μ.
592 1590 743 1654 Manlius
757 1589 984 1672 Capitolinus,
1009 1590 1081 1652 Ser.
1098 1589 1272 1672 Sulpicius

179 1687 387 1767 Camerinus,
411 1689 450 1753 L.
469 1688 626 1754 Valerius
641 1689 790 1756 Potitus.
834 1691 904 1754 Hio
919 1691 1050 1754 demum
1066 1691 1272 1756 tribunorum

179 1792 322 1857 militum
337 1793 507 1856 consulari
522 1799 688 1876 potestate
701 1794 839 1857 comitia
852 1794 979 1858 hebuit.
1023 1793 1062 1857 Ie
1075 1792 1274 1878 Papirium,¹

180 1891 219 1956 (3.
235 1891 437 1969 Cornelium,
454 1893 494 1957 G.
509 1893 670 1974 Sergium,
697 1895 735 1957 L.
752 1894 924 1959 AEmilium
947 1895 1078 1973 iterum,
1101 1895 1143 1958 L.
1158 1894 1274 1958 Mone-

179 1991 284 2066 nium,
302 1989 340 2054 L.
357 1989 529 2055 Valerium
544 1992 754 2059 Publicolam
772 1995 905 2058 tertium
926 1995 1042 2057 creut'
1086 1994 1136 2058 Hi
1157 2015 1201 2058 ox
1224 1995 1274 2058 in·

181 2097 334 2171 torrogno
346 2094 372 2137 ¹⁴
395 2094 621 2172 magistratum
642 2111 817 2175 occepere.
861 2094 914 2157 Eo
928 2113 1016 2156 enno
1032 2094 1125 2158 redes
1140 2093 1274 2168 Mortis,

182 2189 317 2254 Gallico
342 2191 430 2254 bello
454 2198 547 2265 voto,
569 2191 725 2256 dedicata
748 2201 803 2256 est
827 2212 849 2256 a
869 2193 911 2256 Τ.
934 2191 1074 2270 Quintio
1100 2193 1275 2256 duumviro

182 2292 288 2357 saeris
300 2290 476 2356 faciundis.
506 2291 631 2356 Tribus
647 2298 790 2375 quatuor
801 2312 845 2355 ex
859 2291 957 2356 noris
973 2289 1123 2356 civibus¹
1137 2291 1274 2368 ndditae,

212 2537 232 2562 ¹·
248 2529 340 2591 wem
353 2529 502 2592 Pomptinum
511 2530 573 2594 plebi
583 2545 645 2579 eene
656 2532 709 2594 pire
718 2532 808 2596 efferre
818 2531 931 2582 notarie
941 2547 956 2581 e
967 2530 1081 2594 patriciis,
1093 2544 1162 2592 quent
1171 2529 1226 2578 otim
1236 2533 1275 2576 et·

182 2593 264 2642 tuierit
275 2609 291 2641 a
305 2594 394 2643 Voteeie
403 2595 509 2657 mtiqete
521 2595 698 2656 ponemribue.

214 2665 228 2688 ³
245 2656 388 2720 Priuernum
398 2665 482 2707 curete
492 2662 611 2720 occupem.

214 2727 225 2751 ⁰
242 2720 375 2783 Eodemque
385 2722 415 2770 de
424 2735 494 2770 mern
503 2721 619 2770 emtione
636 2721 793 2778 exinanitum,
812 2728 883 2784 etque
900 2722 988 2770 idcireo
1005 2735 1117 2782 worm
1126 2721 1231 2776 oblitum
1241 2723 1273 2771 ed

182 2798 279 2846 qum
291 2785 407 2836 cultim
416 2799 463 2834 noe
473 2785 606 2848 suppetebat
617 2787 677 2836 rede
684 2800 755 2850 prere
761 2790 785 2836 et
794 2785 951 2836 {nomm
960 2786 1066 2834 eretorio
1073 2789 1243 2848 ωηατ-πω.

670 3007 694 3057 N
699 3005 781 3057 0¹1⁸AE

217 3132 223 3164 ¹
240 3132 290 3181 Ret
298 3134 509 3199 edintmegtrere]
527 3133 662 3184 Creditum
669 3141 710 3184 eet
749 3133 793 3197 qui
813 3147 846 3182 ex
866 3131 1032 3193 Veientibus,
1043 3129 1229 3193 Cepeuetibne,
1248 3133 1277 3179 et

184 3202 303 3256 tribuum
314 3209 424 3256 militum
436 3209 498 3258 titio
509 3219 620 3271 orentoe,
639 3208 710 3257 ideo·
749 3211 857 3260 Falleris
868 3209 901 3258 ed
919 3210 1047 3258 Romanor
1063 3207 1196 3270 superiore
1207 3206 1276 3256 bello

183 3295 233 3344 que
245 3295 296 3331 non
307 3297 353 3346 per
363 3284 470 3340 eoe,eed
488 3298 536 3347 por
555 3285 709 3346 interregem
750 3283 955 3345 transfugerent,
964 3285 991 3331 tn
1006 3283 1136 3332 civitatem
1151 3281 1277 3344 eooeptie‚

182 3356 301 3407 babendo
314 3359 431 3422 proxime
442 3359 557 3410 eomitie.
750 3358 874 3421 resignati
885 3358 955 3420 egri3
974 3363 1046 3406 etue
1061 3355 1152 3404 iisdem
1166 3356 1210 3417 jm
1232 3355 1277 3404 tri·

216 3430 227 3464 '¹
246 3432 277 3481 L.
290 3434 426 3496 Papirium]
450 3434 533 3483 Penio
544 3433 621 3482 oliter
630 3430 710 3482 Diod.
749 3433 798 3482 bue
808 3433 922 3488 deerret,
933 3432 1001 3496 (rino
1012 3445 1062 3495 qne
1072 3444 1148 3479 nemo
1159 3430 1223 3478 civit
1233 3431 1277 3478 be·

183 3505 337 3557 Sieuluehoe
346 3510 463 3559 tribuunt
470 3511 577 3559 militnm
587 3509 712 3558 nominet.
750 3507 885 3572 bebutur,)
895 3522 968 3556 noem
984 3514 1093 3571 quotuor
1108 3504 1193 3554 tribue
1204 3505 1277 3554 lunti-

185 3581 255 3632 Nem
277 3599 325 3648 pro
347 3586 378 3636 C.
399 3587 500 3652 Sergio,
532 3587 561 3634 C.
582 3585 711 3634 Servilium
751 3591 825 3647 tntae,
841 3598 900 3647 quoe
917 3596 1049 3631 numerum
1068 3580 1182 3644 quinque
1200 3586 1229 3627 et
1239 3581 1278 3627 ri·

186 3665 279 3720 quertn
298 3659 363 3716 loeo,
381 3675 429 3724 pro
447 3659 599 3722 ledinrilio,
616 3661 648 3716 Q.
662 3660 711 3709 Fe·
750 3661 817 3721 giuti
830 3659 942 3708 tribuum
954 3660 1133 3721 expleverunt.
1154 3655 1197 3703 Sie
1209 3653 1277 3702 enim

186 3729 248 3780 Meet
269 3731 358 3782 ultimo
387 3734 452 3791 loeo,
477 3749 525 3798 pro
546 3735 577 3784 L.
595 3734 710 3788 veterio,
750 3735 953 3799 legeudm,non
962 3741 991 3783 ut
1002 3733 1029 3782 ln
1037 3730 1189 3797 quibusdem
1198 3728 1278 3777 bebe-

189 3805 409 3857 Vertumnum
425 3809 515 3874 quinto
530 3809 598 3866 loeo,
613 3809 709 3859 trudit:
750 3820 804 3874 tor,
812 3810 931 3861 XXXV.
950 3810 1014 3858 Cum
1026 3810 1093 3857 enlm
1104 3804 1277 3854 Servim'l'ul·

182 3881 303 3945 sigonio·
320 3890 406 3934 temen
420 3886 449 3934 C.
461 3885 573 3946 Sergium
588 3885 616 3934 ii.
635 3893 710 3948 putet
749 3885 800 3936 line
818 3885 942 3934 urbinum
962 3881 1151 3932 multitudinem
1169 3879 1195 3927 in
1215 3880 1281 3943 qne·'

182 3959 361 4009 retinendumt
379 3967 408 4009 nt
423 3961 465 4024 qui
477 3961 553 4023 poulo
566 3966 625 4023 poet
635 3959 709 4008 terti·
752 3967 820 4016 tuor,
839 3957 961 4007 rusticum
973 3957 999 4004 in
1016 3952 1162 4018 quindecim
1183 3951 1276 4013 tribue,

183 4045 226 4082 um
245 4033 362 4084 tribunus
380 4035 488 4086 rnilitum
505 4035 639 4086 a'tloetro
657 4049 709 4084 me·
750 4037 814 4085 loeis
825 4029 1276 4095 distinetee,dietribnieset;bienn-

183 4115 309 4158 notetur.
750 4109 877 4172 devlgiuti
888 4107 946 4155 dure
959 4112 1018 4170 poet
1029 4118 1103 4166 reget
1111 4111 1219 4153 exuotoe
1230 4101 1275 4150 ed·

216 4185 231 4214 '
248 4183 281 4234 Α.
291 4185 326 4236 11.
337 4185 367 4236 c.
377 4190 435 4238 tot.
745 4181 959 4249 jactationem,
977 4176 1276 4241 uudet‘aetuigtntiet

217 4257 224 4292 ¹
235 4260 318 4312 litter
325 4268 426 4326 mutuor
434 4279 465 4314 ex
474 4263 541 4316 rotie
550 4263 651 4330 riribre]
662 4261 708 4320 lie,
749 4271 809 4311 unu
