3150 4942
346 420 432 489 luet
810 434 845 481 r.
869 430 967 483 ιιιιιι

347 580 436 647 Haec
463 578 498 644 in
527 578 661 645 sinistro
689 594 796 643 cornu
829 576 1057 643 Romanorum
1086 578 1222 642 fortuna
1248 578 1417 642 raderent

347 682 477 749 Fabius
503 681 536 744 in
560 680 701 745 dextro⁵
727 678 837 762 prime
858 678 915 761 (ut
929 686 1006 743 ants
1021 677 1148 743 dictum
1172 673 1246 760 est)
1257 678 1417 741 cunctando

346 788 540 851 exusserat
558 781 665 845 diem:
687 777 821 855 deinde,
845 786 1026 862 postquam
1049 799 1112 843 nec
1138 778 1419 854 clamorlrostiun,

345 902 407 949 nec
422 885 575 968 impetus,
589 900 653 945 nec
668 880 736 944 tela
749 879 866 956 missa,
881 879 1020 943 eandem
1031 880 1098 943 vim
1110 880 1237 943 habere
1253 874 1340 959 visa3
1353 898 1419 961 prae

346 986 446 1051 l'ectls
474 984 622 1067 equiturn
646 981 756 1066 jussis
784 979 827 1045 ad
856 980 947 1044 latus
970 980 1169 1045 Samnitium
1199 978 1420 1044 circumducere

346 1087 434 1163 alas,
450 1092 485 1151 ut
499 1086 595 1166 signo
608 1082 690 1157 dato
702 1082 737 1146 in
752 1088 976 1156 transversos,
995 1089 1123 1164 quanto
1139 1080 1292 1144 maximo
1304 1088 1419 1161 possent

345 1186 485 1271 impetn,
508 1187 729 1264 incurrerent;
760 1182 884 1247 sensim
909 1200 991 1245 suos
1015 1182 1111 1263 signa
1136 1181 1259 1247 inferre
1281 1182 1422 1265 jussitet

346 1304 554 1355 commouere
568 1284 708 1350 hostem.
753 1282 939 1367 Postquam
961 1300 1027 1347 non
1049 1283 1162 1347 resisti
1188 1284 1288 1360 vidit,
1307 1290 1339 1347 et
1350 1280 1419 1344 laud

346 1388 485 1455 dubiam
512 1386 742 1451 lassitudinem
769 1402 868 1466 esse;
901 1390 981 1457 tom,
1007 1384 1161 1448 collectis
1185 1384 1341 1448 omnibns
1359 1382 1420 1445 sub

345 1489 455 1571 cidiis,
469 1508 546 1571 quaa
558 1488 600 1552 ad
611 1486 648 1551 id
659 1494 791 1569 tempor
803 1492 1039 1563 reservaverat,
1049 1491 1084 1549 et
1095 1486 1245 1566 legiones
1257 1482 1421 1557 concitauit,

346 1596 380 1656 et
393 1592 526 1672 siguum
541 1588 585 1653 ad
596 1586 803 1652 invadendos
814 1586 930 1649 hostes
943 1585 1115 1670 equitibus
1133 1586 1245 1651 dedit.
1282 1582 1353 1650 Neo
1364 1602 1422 1646 sus

345 1692 517 1757 tinuerunt
530 1690 700 1755 Samnites
715 1688 896 1772 impetum3
919 1695 1106 1770 preterque
1121 1688 1230 1752 aciem
1245 1689 1349 1770 ipsam
1357 1683 1422 1749 Gal·

346 1790 468 1870 lorum,
484 1790 611 1857 radetis
626 1790 661 1853 in
675 1789 888 1855 dimicatione
907 1789 1023 1865 sociis,
1039 1788 1083 1854 ad
1097 1796 1212 1854 castra
1225 1788 1329 1853 effuso
1342 1804 1420 1852 cursu

345 1896 542 1963 ferebantur.
587 1892 689 1970 Galli,
704 1892 875 1957 testudine
890 1891 1004 1969 tacta:
1023 1892 1162 1957 conferti
1176 1893 1323 1957 stabant.
1353 1888 1422 1953 'llun

347 1999 485 2078 Fabius,
508 1996 623 2063 andita
647 2002 756 2061 morte
778 1994 934 2075 collegas,
957 1994 1210 2077 Campanorum
1227 1994 1324 2070 alam,
1347 1991 1422 2074 quin·

346 2104 462 2185 gentos
475 2100 543 2165 t'ere
557 2098 698 2183 equites,
713 2096 877 2161 excedere
892 2095 965 2160 acie
975 2095 1080 2178 jobet,
1096 2103 1131 2161 et
1151 2091 1422 2161 circumvectosab

346 2206 439 2284 tergo
454 2199 620 2267 Gallicam
635 2198 794 2263 invadere
807 2198 935 2263 aciemr
953 2200 1062 2263 tertiae
1078 2197 1197 2262 deinde
1213 2197 1350 2280 legionis
1361 2194 1422 2258 sub

348 2301 446 2385 sequi
460 2301 642 2385 principes,
662 2306 708 2378 et,
729 2318 799 2383 qua
815 2300 983 2367 turbatum
997 2318 1114 2380 agmen
1132 2299 1279 2365 hostium
1295 2297 1422 2362 riderent

347 2406 477 2491 impetn
501 2402 663 2489 equitnm,
687 2400 809 2465 instare
832 2418 874 2465 ac
896 2400 1028 2466 territos
1043 2400 1208 2465 cadars.-
1231 2399 1313 2484 Ipse
1336 2394 1422 2461 eden

346 2504 429 2571 lovi
451 2502 584 2569 Victori
608 2501 783 2585 spoliaque
807 2500 953 2565 hostium
975 2520 1050 2565 cum
1075 2502 1242 2579 vovisset,
1268 2500 1312 2565 ad
1334 2500 1422 2562 canu

348 2603 546 2675 Samnitium
561 2602 725 2684 perrexit3
747 2619 815 2683 quo
825 2600 1005 2664 multitudo
1020 2601 1128 2667 omnis
1143 2606 1350 2666 consternata
1362 2616 1421 2681 ege·

346 2704 456 2769 batur.
499 2700 572 2765 Sub
590 2702 666 2784 ipso
687 2700 787 2775 vallo,
802 2700 884 2783 quia
897 2707 1024 2765 mutam
1035 2699 1050 2741 ⁶
1073 2702 1323 2766 multitudinem
1336 2704 1421 2784 ports

347 2823 415 2869 non
430 2820 596 2886 recepere,
616 2806 742 2865 tentata
755 2798 800 2864 ah
816 2800 971 2864 exclusis
985 2801 1084 2865 turba
1097 2822 1235 2867 snorum
1258 2820 1363 2887 pugna
1373 2803 1422 2863 at.

349 2904 404 2969 Ibi
420 2902 552 2969 Gellius
565 2902 727 2983 Egnatius
742 2900 925 2983 imperator
945 2900 1144 2967 Samnitium
1169 2903 1305 2969 cecidit.
1343 2899 1422 2964 eou-

348 3004 439 3089 pnlsi
464 3002 582 3069 deinde
603 3002 692 3067 intra
714 3000 839 3065 uallum
860 2999 1041 3081 Samnites,
1067 3023 1241 3088 parvoque
1269 2999 1422 3069 certamine

348 3110 451 3190 capta
464 3109 587 3181 castra,
607 3110 643 3167 et
666 3100 760 3167 Galli
782 3101 827 3167 ab
842 3107 934 3185 tergo
949 3102 1176 3169 circumventi.
1220 3104 1321 3171 Caesa
1333 3099 1422 3167 eodie

347 3206 495 3270 hostium
509 3204 627 3286 uiginti
642 3204 787 3287 quinque
803 3202 919 3280 millia,
938 3212 1017 3268 octo
1031 3213 1146 3289 capta.
1194 3205 1267 3271 Nec
1281 3204 1422 3270 incruenta

348 3308 492 3374 victoria
521 3306 596 3371 fuit.
641 3304 731 3370 Nam
756 3322 801 3369 ex
827 3302 870 3371 P.
895 3304 995 3370 Decii
1021 3307 1171 3371 exercitu
1197 3326 1291 3373 caesa
1314 3307 1420 3387 septen

348 3409 475 3488 millia;
497 3426 542 3473 ex
566 3406 666 3472 Fabii
690 3404 780 3471 mille
800 3424 842 3470 ac
865 3406 1028 3471 ducenti.⁷
1073 3408 1211 3486 Fabius,
1233 3405 1370 3474 dimisds
1385 3398 1421 3464 ad

349 3505 561 3591 quaerendum
587 3506 728 3587 collegae
757 3524 893 3589 corpus,
922 3507 1034 3590 spolia
1058 3507 1209 3574 hostium
1232 3501 1419 3593 conjectain

350 3626 507 3675 acervum
521 3605 603 3672 Jovi
624 3606 755 3673 Victori
779 3606 948 3673 cremauit.
992 3608 1153 3675 Consulis
1176 3630 1297 3694 corpus
1318 3624 1354 3672 eo
1370 3594 1420 3676 dit,

807 3768 987 3795 ‘um

351 3871 652 3945 “dd-eameram.
663 3870 822 3934 Desunt-e
834 3870 856 3921 Α
867 3871 988 3935 qulbusd.
997 3871 1208 3937 interponitur:
1223 3820 1419 3937 quud?

349 3940 419 3989 cella.
453 3937 517 3993 Qua
527 3938 677 3987 tautane?
696 3934 766 3984 Mille
776 3934 923 3999 septingenti
932 3936 1106 4001 Kreyuigins.

844 4098 955 4150 NOTAE

386 4204 396 4229 ⁸
410 4196 486 4256 Gallt,
496 4194 702 4256 massueto]
726 4194 786 4244 Non
807 4194 879 4259 lgne-
915 4197 1110 4263 jungendorum
1119 4204 1253 4249 scutorum
1263 4208 1334 4263 supr·
1342 4187 1417 4254 etl*

351 4276 393 4321 tur
408 4268 492 4319 Gallia
509 4284 572 4322 urus
588 4269 735 4333 teatadlrlr,
752 4284 799 4319 aaa
817 4284 879 4319 con·
