3150 4942
557 413 627 459 nrn.
651 411 717 460 vrr.
740 413 823 460 css.
844 398 899 463 19.
1189 401 1276 466 1053

181 555 320 639 pbutum
345 554 387 619 de
411 553 625 619 Tiburtibus:
653 553 804 638 alioquin
829 555 921 619 mitis
945 555 1084 620 victorio
1108 557 1182 622 suit.
1234 559 1276 623 In

181 654 442 740 Tarquinienses
463 656 581 720 acerbe
603 657 773 734 saevitum,
794 657 907 721 multis
928 657 1127 722 mortalibus
1147 660 1181 722 in
1203 662 1278 724 ocio

183 756 294 820 cresis.
335 755 391 818 Ex
413 757 538 838 ingenti
560 756 769 838 captivorum
792 776 929 822 numero
953 760 1086 822 trecenti
1111 760 1275 845 quinqua·
1299 827 1302 832 ,

182 857 274 938 ginta
301 865 406 922 octo·
435 856 569 932 delecti,
599 857 827 922 nobilissimus
855 859 1012 942 quisque,
1042 861 1100 943 qui
1129 860 1277 927 Romam

182 955 446 1024 mitterenturt¹⁶
469 957 587 1039 vulgus
610 958 701 1021 alind
724 959 938 1024 trucidatum.
982 959 1056 1025 Nec
1075 962 1221 1045 populus
1242 965 1279 1027 in

183 1077 255 1136 eos,
271 1060 328 1142 qni
349 1058 445 1122 missi
468 1057 612 1122 Romam
635 1067 735 1134 erant,
757 1060 870 1123 mitior
891 1061 965 1125 luit.
1009 1061 1128 1126 Medio
1150 1063 1184 1125 in
1206 1063 1279 1128 foro

185 1178 301 1224 ornnes
325 1160 426 1241 virgis
451 1159 534 1224 onesi
558 1177 599 1223 uo
622 1162 730 1224 securi
750 1161 910 1243 percussi.
954 1161 995 1225 Id
1016 1180 1077 1243 pro
1096 1163 1279 1229 immoletis

183 1262 216 1325 iu
230 1259 305 1324 soro
318 1259 615 1343 Tarquiniensium
630 1259 791 1326 Romanis
810 1280 922 1344 poenue
935 1261 1087 1326 hostibus
1102 1263 1281 1328 redditum.

185 1361 257 1426 Res
279 1361 367 1426 bello
387 1363 474 1425 bene
495 1366 611 1442 gestus,
625 1366 662 1426 nt
686 1361 854 1426 Samnites
868 1381 1001 1447 quoqne
1015 1364 1200 1429 amicitiam
1223 1384 1281 1447 pe·

186 1469 302 1536 terent,
322 1460 511 1526 effecerunt.
566 1462 700 1552 legetis
723 1481 836 1526 eornm
860 1465 1000 1528 comiter
1021 1465 1064 1528 eb
1088 1473 1210 1529 senatu
1230 1486 1282 1529 re-

186 1581 365 1645 sponsum:
386 1561 512 1627 loedere
526 1564 561 1628 in
572 1563 765 1628 societatem
778 1563 923 1646 accepti·
951 1563 1041 1628 Non
1052 1563 1167 1628 eedtun
1179 1565 1281 1644 domi,

187 1681 265 1746 quae
287 1663 427 1739 militine,
441 1662 574 1727 somnne
595 1668 667 1730 eret
687 1662 780 1744 plebi
803 1662 979 1730 Romane.
1022 1664 1112 1728 Num
1132 1666 1206 1743 etsi,
1222 1686 1282 1730 un·

188 1765 292 1829 oiurio
315 1764 441 1830 foenere
463 1763 569 1843 tuoto,
584 1763 695 1828 levate
717 1781 821 1828 usuro
840 1773 934 1841 eruti
954 1772 1046 1830 ‘sorte
1068 1766 1147 1849 ipsu
1165 1769 1283 1832 obrue-

188 1866 308 1931 buntur
322 1866 453 1950 inopes,
467 1884 655 1948 nexumque
669 1863 822 1930 inibunt·b
857 1865 987 1932 Eo'nec
1003 1866 1167 1949 patricios
1182 1869 1282 1933 umbo

188 1967 368 2045 consules,c
388 1986 497 2050 neque
517 1967 723 2032 comitiorum
743 1985 873 2042 nurum,
888 1968 1067 2049 publicave
1082 1967 1197 2032 studia
1212 1988 1282 2052 pree

188 2069 327 2152 privetis
351 2067 571 2132 incommodis
594 2065 691 2149 plebs
716 2066 927 2133 ansuinum
940 2067 1151 2134 admittebat.
1194 2069 1283 2133 Gon·

189 2169 318 2234 solutus
339 2177 479 2251 uterque
504 2169 594 2251 epod
617 2167 780 2250 patricios
802 2173 927 2232 munet.
969 2167 1132 2232 Consules
1155 2171 1285 2234 urenti*

191 2270 230 2334 Ο.
246 2269 412 2354 Sulpicius
436 2267 575 2333 Peticus
597 2273 763 2352 quartum,
777 2267 827 2332 Μ.
842 2266 998 2334 Valerius
1021 2268 1202 2334 Publicola
1221 2272 1286 2336 ito-

191 2391 272 2436 rnm.
315 2369 357 2434 ln
380 2371 500 2435 bellum
515 2369 693 2434 Etruscum
707 2370 1064 2447 intentamcisitntem,
1080 2372 1160 2450 quin
1182 2371 1286 2436 Caeri-

191 2481 257 2535 tem
278 2466 460 2555 populumt
479 2461 708 2534 misericordia
722 2471 1048 2552 consanguinitatis·
1066 2471 1286 2555 Tarquinien-

191 2573 285 2638 sibus
309 2571 503 2654 ndjunotum
529 2573 619 2636 inme
643 2571 781 2650 serebat,
806 2571 907 2654 legati
934 2572 1044 2638 Intiui
1070 2571 1114 2637 ad
1128 2571 1286 2638 Volscos

191 2679 410 2748 convertere:
432 2674 632 2749 nuntiantes,
656 2673 843 2737 exercitum
864 2674 1089 2756 couscriptum
1111 2679 1286 2738 usmetum·

193 2793 257 2857 qne
276 2773 350 2856 jum
373 2775 444 2838 suis
471 2773 596 2837 finibus
617 2773 804 2837 imminere:
831 2772 910 2837 inde
919 2781 944 2822 ¹⁷
970 2774 1227 2857 populabundos
1251 2774 1287 2838 in

224 2946 244 2971 ⁸
262 2939 322 2987 Cum
333 2953 412 2988 esrum
421 2939 587 2988 misuoestssr
597 2938 625 2988 ob
636 2939 761 3000 sanguinis
772 2939 962 2999 conjunctionem.

225 3011 239 3034 ¹
254 3003 394 3068 Effererunt
403 3010 430 3052 ut
442 3001 544 3052 Romani
554 3003 586 3052 od
600 3003 703 3052 Volscus
715 3003 801 3052 bellum
811 3003 940 3063 odjicsrm
951 3003 1050 3050 asinos.

685 3147 794 3198 NOTAE

226 3243 365 3294 ‘licenti
385 3244 554 3306 quinquaginta
580 3241 643 3304 orto]
667 3243 720 3292 Pro
793 3241 805 3275 ⁸
831 3243 970 3306 Nessusque
995 3241 1100 3304 inibunt]
1135 3242 1219 3291 Nesso
1245 3243 1288 3291 vel

195 3323 252 3369 007.
263 3319 388 3368 militibus
408 3317 527 3368 liemcule
543 3320 569 3367 in
586 3318 642 3367 foro
658 3319 721 3366 'l'er-
761 3319 818 3367 uerri
828 3319 929 3367 nomine
940 3318 994 3380 jsru
1006 3316 1166 3368 ostendimus
1178 3313 1290 3380 intilligi

195 3395 339 3458 quintorum
350 3393 488 3443 immolatis
506 3409 529 3443 o.
546 3399 584 3442 15.
617 3393 722 3457 'lsrqui-
761 3393 990 3457 susnripstiouens,
1003 3393 1059 3442 sivs
1077 3393 1206 3441 solennem
1226 3392 1291 3442 obli·

196 3469 408 3519 nieusssnobiles
419 3473 477 3518 ³58.
496 3469 522 3518 iu
540 3468 596 3518 toro
607 3469 722 3517 Romano
762 3470 892 3533 gstionens
913 3482 965 3517 sese
986 3475 1014 3518 et
1036 3467 1099 3517 librs
1118 3474 1290 3528 contructsns,

197 3545 280 3594 ”curi
307 3543 431 3607 percussi,
456 3544 631 3607 superadditis
657 3543 723 3592 ultss
762 3558 812 3608 qus
822 3543 954 3593 debitores
973 3556 1067 3605 corpus
1084 3541 1134 3606 ipsi
1150 3556 1223 3591 snum
1237 3556 1291 3592 non
1372 3557 1380 3568 ·

196 3635 286 3686 psrem
294 3635 425 3670 numerum
433 3620 617 3685 quinqusgiuts
628 3625 655 3669 et
664 3633 724 3668 uno.
762 3621 847 3668 minus
858 3633 933 3682 qnsru
945 3633 987 3667 res
998 3618 1099 3682 pignori
1114 3617 1275 3680 obligsbsnt.

197 3697 277 3749 Diod.
288 3699 367 3748 babet
377 3701 434 3748 000.
795 3693 943 3744 ePatricius
969 3693 1036 3744 ossio
1062 3693 1179 3756 mules]
1207 3693 1291 3748 Assio,

229 3782 242 3828 t
259 3773 349 3824 [emsa
359 3787 431 3822 usuro
440 3770 562 3834 erut,lfs.]
578 3769 687 3820 Videsd
700 3783 724 3819 c.
763 3786 812 3836 pro
822 3771 909 3820 subs.
941 3771 984 3821 Iss
998 3770 1096 3820 babent
1108 3770 1203 3820 vetusti
1220 3769 1291 3818 oudi-

197 3852 237 3899 lo.
270 3849 312 3898 Ne
332 3863 408 3897 unum
429 3848 531 3912 quidem
548 3861 678 3898 nummum
697 3847 723 3895 ln
764 3860 819 3911 ces,
837 3853 905 3895 terte
924 3845 1043 3895 Geleulo.
1076 3844 1160 3907 quue
1183 3843 1292 3906 sosiqno

197 3931 320 3974 centenos
340 3925 441 3973 solvere
461 3923 535 3987 plebs
556 3923 649 3988 potuit,
670 3937 724 3987 pre
764 3928 886 3985 more,ut
904 3920 971 3969 umbo
989 3920 1023 3968 sit
1038 3931 1132 3967 nornen
1150 3915 1292 3968 indeclina-

198 4007 364 4066 psnpertste,
377 4001 418 4050 sel
436 4001 490 4049 sols
509 4006 578 4048 sorte
594 4012 725 4063 oppresus.
764 3995 827 4057 bile,
850 3993 1063 4059 quemadmodum
1086 3991 1154 4056 spnd
1181 3991 1291 4044 Graecos

198 4075 318 4132 Romani,
329 4087 432 4137 nempe,
450 4074 569 4138 agricolae
588 4082 615 4122 et
632 4073 726 4122 milites
765 4070 844 4132 ἅμφό.

200 4150 241 4199 sis
253 4151 331 4202 ullum
342 4149 504 4211 lucrum‚utsi
514 4147 645 4200 fortuitum
660 4164 726 4213 prse-
799 4144 814 4175 ⁶
832 4143 864 4193 Α.
875 4145 910 4193 U.
921 4142 950 4192 c.
964 4145 1021 4194 400.

201 4227 259 4277 dsm
273 4221 548 4291 uscipiss‚fsciebsnt'.
564 4226 593 4276 J.
604 4225 716 4275 cinicus.
799 4219 811 4254 θ
829 4220 941 4270 Caeritesn
950 4215 1072 4284 populus]
1088 4217 1131 4269 De
1143 4217 1218 4272 Cere
1228 4219 1292 4271 'l'us-
