3150 4942
344 424 430 491 1210
802 436 837 484 r.
863 432 956 482 urvu

344 600 438 664 reges
452 580 497 659 Q·
513 579 640 645 Fabius
663 574 849 656 Maximus,
871 578 923 644 Μ.
938 576 1095 642 Valerius
1117 575 1268 640 Corvus.
1286 580 1291 587 ’
1312 575 1346 637 ls
1358 595 1416 638 con·

345 684 437 749 soles
460 682 586 748 creavit
607 680 653 759 Q.
669 679 851 745 Publilium
870 678 1043 742 Philonem
1058 684 1093 740 et
1106 675 1147 740 L.
1166 676 1342 759 Papirium
1356 674 1420 739 Cur·

345 804 450 851 sorem
466 785 595 859 iterum,
610 781 698 845 baud
713 780 816 845 dnbio
831 799 997 845 consensu
1012 779 1176 856 civitatis,
1193 777 1287 860 qnod
1304 777 1379 840 nulli
1390 796 1422 838 eu

342 892 541 969 tempestato
556 883 659 949 duces
674 882 833 947 eluderes
846 890 968 946 essent.

384 990 418 1053 8.
442 984 520 1064 Quo
536 986 638 1049 crecti
654 991 732 1049 sunt
745 985 811 1061 die,
826 1002 868 1046 co
890 982 958 1066 (sic
973 984 1059 1047 enim
1075 982 1256 1066 placuerat
1270 978 1421 1060 Patribus)

343 1090 576 1169 magistratum
596 1086 773 1163 inierunt,m
796 1083 1058 1168 solennibnsque
1080 1087 1223 1147 senatus
1243 1080 1421 1145 consultis7'¹

343 1189 512 1273 perlectis,
536 1190 577 1252 de
602 1207 688 1272 pecc
712 1187 864 1252 Caudina
888 1186 1075 1250 retulerunt.
1121 1183 1166 1247 Et
1186 1182 1362 1255 Publilius,
1376 1200 1421 1262 pe

342 1310 404 1355 nes
419 1310 518 1375 quem
532 1291 644 1355 fasces
665 1295 782 1366 erent*
805 1288 905 1366 ‘Dic,
926 1287 987 1371 Sp.
1002 1283 1181 1362 Postumi:
1204 1285 1323 1368 inquit.
1364 1280 1418 1358 Qui

341 1392 399 1455 ubi
414 1392 571 1468 surrexit,
585 1392 704 1455 eodem
720 1390 779 1455 illo
794 1391 896 1467 vultu,
908 1408 975 1473 qno
990 1390 1053 1452 snb
1072 1389 1192 1472 jugum
1215 1388 1339 1450 missus
1356 1388 1420 1455 eret,

341 1492 463 1555 ‘Haud
493 1509 566 1555 snm
591 1490 745 1573 ignarus}
767 1490 888 1573 inquit,
918 1490 1108 1566 ‘consules,
1136 1488 1344 1570 ignominis,
1368 1502 1419 1546 non

341 1589 475 1654 honoris
490 1607 593 1654 ceusu
606 1609 660 1653 me
675 1592 816 1671 primum
826 1590 1009 1654 excitatum
1019 1589 1226 1673 jussumque
1236 1588 1355 1661 dicere,
1365 1602 1421 1645 non

340 1696 494 1771 tunquam
521 1696 718 1767 senatorem,
737 1690 798 1753 scd
822 1698 978 1773 tanquam
998 1709 1088 1755 reum
1103 1710 1172 1773 que
1187 1689 1330 1754 infelicis
1343 1685 1418 1757 belli,

340 1807 408 1871 que
431 1790 662 1871 ignominiose
688 1790 797 1874 pacis.
852 1791 924 1875 Ego
947 1802 1071 1868 mmen,
1095 1792 1236 1875 quando
1261 1807 1364 1872 neque
1385 1784 1419 1847 de

338 1908 429 1954 noxa
443 1896 556 1955 nostra
569 1909 679 1973 neque
692 1890 733 1955 de
756 1900 882 1973 poenn⁰
902 1892 1073 1969 retulistis,
1088 1892 1220 1956 omissa
1234 1889 1416 1960 defensioue,

339 2008 417 2072 quse
441 2010 506 2055 non
520 1989 715 2056 difficillima
739 1999 830 2056 esset
853 1992 943 2075 opnd
966 1993 1054 2058 band
1078 1993 1213 2075 ignaros
1235 1992 1417 2055 fortunarum

338 2091 555 2158 humansrum
579 2094 894 2178 necessitatemque,
920 2095 1119 2159 sententium
1144 2094 1189 2158 de
1216 2112 1271 2169 eo,
1299 2091 1415 2170 dequo

338 2192 516 2269 retulistis,
530 2196 649 2277 paucis
663 2214 832 2277 peragem-
876 2194 964 2273 Qum
983 2196 1146 2260 sententio
1168 2196 1267 2260 testis
1289 2192 1355 2263 orit,
1367 2189 1416 2251 mi·

336 2292 423 2369 bine,
439 2313 482 2357 sn
497 2295 684 2375 legionibus
700 2296 822 2357 vestris
836 2296 1059 2377 pepercerim,
1081 2315 1158 2359 cum
1180 2314 1237 2359 me
1259 2312 1319 2357 seu
1341 2286 1414 2368 turpi

338 2410 399 2456 seu
420 2397 614 2460 necessaria
636 2394 818 2476 sponsione
839 2396 1012 2462 obstrinxi.
1057 2395 1136 2474 Qua
1160 2405 1287 2471 tumen,
1302 2386 1412 2475 qnando

337 2492 469 2573 injussu
491 2496 611 2577 populi
634 2496 724 2560 iacta
745 2502 807 2575 cst,
827 2518 893 2562 non
915 2506 1046 2562 tenetur
1066 2498 1220 2582 populus
1241 2494 1413 2562 Romanu-⁸3

336 2608 400 2653 nec
416 2593 597 2675 quicquam
612 2613 656 2657 ex
669 2615 721 2672 ea,
737 2604 956 2682 praeterquam
975 2618 1117 2681 corpora
1132 2607 1259 2674 nostru,
1275 2596 1413 2661 debentur

337 2689 555 2757 Samnitibus.
601 2694 768 2761 Dedumur
783 2718 842 2781 per
860 2699 992 2764 fetiales
1011 2698 1091 2763 nudi
1105 2700 1295 2783 vinctique:
1316 2686 1412 2757 exsol-

338 2808 454 2858 vemus
482 2795 640 2877 religione
666 2799 842 2880 populum,
869 2802 899 2865 si
923 2820 990 2883 qua
1018 2800 1260 2882 obligavimus3
1282 2815 1322 2860 ne
1346 2785 1409 2874 qnid

337 2892 443 2956 divini
472 2894 648 2960 humanive
677 2898 799 2978 obstet,
823 2920 890 2984 qno
920 2902 1030 2964 miuus
1048 2900 1175 2983 justum
1203 2902 1356 2983 piumque
1376 2886 1410 2950 de

335 2992 464 3077 integro
487 2996 621 3060 ineatur
643 2998 777 3065 bellum.
821 3001 953 3065 Interea
974 3002 1131 3066 consules
1151 3000 1329 3065 exercitum
1343 2987 1409 3053 scri·

335 3096 421 3176 bere,
447 3118 584 3179 armare,
600 3101 742 3166 educere
766 3104 901 3187 plocet;
923 3124 986 3168 nec
1012 3104 1105 3187 prius
1127 3103 1259 3186 ingredi
1282 3094 1408 3163 bostium

827 3266 938 3317 NOTAE

367 3362 385 3389 ¹¹
404 3356 578 3421 Mugirtrrtom
594 3360 712 3425 tuimet]
736 3362 861 3413 Consules
900 3363 989 3414 stetim
1001 3364 1064 3413 inito
1073 3364 1209 3414 consulatu
1219 3362 1324 3413 nebant,
1334 3350 1361 3401 “¹
1376 3359 1407 3393 ’θ’

335 3444 387 3478 uon
398 3434 486 3481 siurim
499 3449 529 3483 sc
541 3436 623 3485 creati
635 3443 710 3485 erunt
729 3439 862 3500 mugistre-
900 3439 1020 3499 ligionern
1031 3446 1059 3488 et
1070 3441 1232 3488 caerlmoniu
1245 3427 1405 3500 pertinebunt:

336 3510 390 3551 tum
414 3505 524 3556 inibunt.
558 3509 626 3557 Nrru
650 3517 724 3559 extra
745 3511 862 3563 ordinem
902 3498 1405 3578 utquentrcribitflell.lib.xrv.c⁸l·²·

336 3576 428 3627 endem
439 3580 482 3629 die
500 3594 532 3629 ex
552 3580 782 3635 Senaturconrulto
797 3588 860 3637 inie-
901 3590 959 3639 ‘De
970 3590 1046 3639 rebus
1056 3589 1150 3639 divinis
1163 3590 1236 3652 prius
1252 3597 1323 3652 quum
1333 3580 1404 3626 bum·

335 3660 404 3707 runt,
423 3663 485 3703 ente
505 3656 611 3703 solenne
629 3658 729 3708 sclllcct
750 3668 861 3727 tempos,
900 3664 939 3715 nir
950 3665 982 3715 ud
994 3674 1112 3716 renatum
1124 3666 1286 3715 referendum
1298 3650 1363 3709 erut!

335 3728 445 3778 necdum
459 3728 532 3780 finito
552 3730 710 3794 superlorum
726 3738 860 3787 consulum
931 3750 943 3796 r
959 3742 1037 3790 Penes
1047 3756 1114 3805 puer·
1121 3741 1203 3802 succes
1216 3736 1294 3799 erat]
1310 3718 1403 3780 vidend

334 3816 410 3853 anno.
901 3817 947 3867 lib.
959 3832 1021 3868 vrn.
1030 3833 1053 3867 c.
1064 3820 1103 3869 12.
1120 3820 1148 3867 J.
1159 3818 1276 3867 claim.

378 3888 390 3913 ¹
417 3880 600 3944 subcubuere
619 3886 716 3931 rmus
735 3884 859 3948 renutu]
931 3899 944 3924 ο
962 3893 1080 3955 Nemas
1091 3898 1244 3942 mm
1256 3896 1325 3949 nequ
1334 3880 1401 3937 W

334 3954 444 4005 Veteres
467 3958 571 4022 qnidam
593 3956 661 4021 libri,
685 3958 860 4023 winathusen
897 3966 943 4030 „J
959 3968 1035 4017 No„
1054 3969 1097 4017 bic
1120 3981 1229 4031 ,μω
1246 3952 1399 4017 antimius»

332 4029 416 4077 aab.
448 4032 536 4095 Sigon.
554 4038 641 4081 temen
662 4034 744 4096 mugit
765 4036 860 4097 probet
899 4049 927 4093 et
937 4042 1034 4092 crimen
1050 4042 1191 4106 rlgnidcor.
1222 4040 1292 4091 Alius
1309 4024 1399 4082 subisti

334 4103 565 4155 Semtuoeourultirr
591 4123 735 4173 qurnannr
768 4102 861 4173 pnrnm'
898 4116 1297 4185 propoem,anmqnirdelicto
1310 4108 1400 4158 ΜΝ·

334 4176 419 4241 abest,
433 4183 492 4245 quin
509 4196 551 4231 rer
566 4183 655 4232 eudem
674 4184 781 4236 recidet.
812 4186 858 4237 So·
898 4191 959 4244 ruit.

332 4252 420 4303 lsnnlu
437 4256 532 4321 qolppr
549 4256 783 4326 seneturconsultr,
801 4275 858 4326 qna
