3150 4942
315 409 402 478 1⁰3⁴
771 427 806 473 r.
828 423 926 474 utvtt

314 575 563 653 transpontem
577 568 718 636 Anienis
740 575 853 635 eastm
871 570 1024 634 habuere.
1068 567 1233 644 Dictator,
1257 587 1334 634 cum
1358 573 1415 632 tu-

314 671 590 739 multus⁶Gallici
613 690 713 736 causa
730 670 901 754 justitium
926 670 1101 746 edixisset,
1126 687 1240 732 omues
1258 668 1415 751 juniores

313 779 523 837 sacramento
546 773 670 854 adegit,
685 773 881 856 ingentique
895 773 1044 837 exercitu
1059 772 1102 834 ab
1119 769 1212 834 Urbe
1226 769 1413 852 protectus,

311 872 346 937 iu
358 874 511 938 citatiore
527 875 601 957 ripa
614 870 755 937 Anienis
770 879 881 936 castra
892 871 1017 956 posuit.
1052 870 1146 934 Pons
1157 871 1193 933 in
1206 871 1316 935 medio
1329 878 1413 945 erat,

311 975 439 1040 neutris
452 993 528 1037 eum
544 972 787 1057 rumpentibus,
807 992 850 1036 ue
863 973 991 1036 timoris
1001 971 1160 1036 iudicium
1177 977 1275 1036 esset
1315 970 1414 1036 Prae·

311 1072 414 1139 liade
430 1075 629 1159 occupando
645 1081 745 1151 ponte
765 1075 882 1138 crebra
898 1077 1015 1152 etaut3
1041 1091 1114 1148 nec,
1139 1073 1196 1154 qni
1212 1073 1413 1154 potirentur,

308 1175 445 1240 incertis
460 1177 598 1243 viribus,
613 1171 696 1234 satis
713 1171 856 1236 discerni
866 1180 892 1211 ¹⁸
907 1171 1062 1255 poterat.t
1090 1171 1179 1236 Tum
1192 1173 1318 1236 eximia
1334 1192 1412 1237 cor·

309 1275 404 1357 poris
430 1269 657 1351 magnitudine
685 1269 720 1332 in
750 1287 896 1333 vacuum
919 1277 1061 1353 pontem,
1082 1271 1203 1336 Gallus
1227 1275 1411 1355 processit,

309 1380 355 1450 et,
381 1377 540 1455 quantum
560 1369 710 1435 maxima
732 1388 820 1434 voce
842 1372 965 1453 potuit,
985 1370 1122 1449 ‘Quem
1144 1373 1254 1448 nunc,'
1282 1375 1411 1456 iuquit,

311 1472 451 1537 ‘Roma
476 1472 584 1535 virum
606 1469 829 1535 fortissimum
852 1469 963 1548 habet,
987 1470 1161 1553 procedat,
1187 1472 1340 1553 agedum,
1361 1476 1411 1538 ad

309 1591 466 1656 pugnam,
482 1580 519 1636 ut
531 1576 642 1637 noster
652 1572 793 1636 duorum
805 1578 943 1638 eventus
955 1572 1122 1653 ostendat,
1137 1579 1213 1637 ntra
1222 1591 1307 1656 gens
1317 1573 1411 1638 bello

310 1675 355 1739 sit
370 1671 515 1738 melior.’

350 1775 407 1839 10.
429 1774 499 1840 Diu
513 1775 602 1838 iuter
622 1773 784 1857 primores
805 1773 968 1857 juvenum
985 1772 1218 1840 Romanorum
1233 1775 1410 1842 silentium

306 1875 383 1951 fruit,
405 1895 481 1941 cum
503 1883 537 1940 et
559 1876 703 1939 abnuere
728 1882 897 1940 certarnen
920 1880 1115 1952 vererentur,
1140 1885 1176 1941 et
1198 1878 1429 1960 praeeipuam‘

307 1985 432 2041 sortem
446 1978 588 2061 periculi
605 1983 717 2059 petere
733 1977 868 2040 nollent.
911 1974 999 2039 Tum
1014 1975 1055 2039 Τ.
1070 1975 1231 2053 Manlius,
1248 1978 1288 2041 L.
1304 1977 1409 2055 tilius,

307 2077 365 2160 qui
381 2085 510 2161 patrem
525 2097 546 2142 a
560 2077 738 2142 vexatione
753 2077 932 2141 tribunicia
946 2076 1187 2153 vindicaverat,
1202 2097 1247 2141 ex
1263 2078 1412 2143 statione
1506 2139 1513 2155 ,

307 2176 352 2239 ad
376 2177 575 2241 dictatorem
601 2177 729 2260 pergit:
753 2175 918 2259 ‘Injussu
940 2175 1022 2253 tuo,'
1044 2177 1165 2259 inquit,
1189 2178 1407 2260 ‘imperatos

307 2283 406 2342 extra
419 2277 570 2342 ordinem
583 2297 754 2360 uunquam
770 2277 997 2359 pugnaverim,
1019 2297 1087 2341 uon
1108 2277 1138 2340 si
1159 2285 1285 2342 certam
1299 2277 1407 2343 victo-

306 2375 389 2440 riam
403 2377 546 2442 videam.
590 2377 628 2440 Si
650 2381 685 2440 tu
707 2377 881 2458 permittis,
904 2378 982 2442 vulo
1006 2395 1070 2459 ego
1092 2378 1145 2442 illi
1160 2379 1280 2444 belluae
1294 2385 1407 2444 usten-

306 2475 395 2547 dere,
418 2477 555 2557 quaudo
572 2477 656 2540 adeo
671 2476 764 2540 ferox
779 2479 955 2559 praenitet
969 2477 1117 2543 hostium
1137 2480 1270 2560 siguis:⁸
1288 2499 1343 2543 me
1357 2497 1403 2544 ex

305 2593 347 2638 ea
369 2575 496 2639 familia
519 2584 641 2652 ortum,
665 2596 741 2658 quar
757 2575 932 2641 Gallorum
948 2596 1067 2660 agmen
1089 2597 1135 2640 ex
1157 2599 1240 2661 rupe
1253 2579 1405 2663 Tarpeia

263 2761 266 2769 Ι
306 2673 448 2757 dejecit!
489 2675 575 2740 Tum
601 2676 754 2753 dictator,
777 2675 922 2742 ‘Macte
940 2676 1082 2753 virtute,'
1104 2679 1225 2763 iuquit,
1246 2682 1314 2743 ‘ac
1329 2680 1404 2761 pie-

304 2779 407 2840 tate¹³
434 2777 467 2840 in
490 2785 643 2861 patrem¹²
665 2778 887 2862 patriamque,
913 2778 955 2842 Τ.
971 2778 1090 2855 Manli,
1105 2785 1189 2844 erto.
1233 2779 1354 2862 Perge,
1369 2783 1405 2849 et

335 2949 350 2973 ⁸
367 2941 1025 3006 deopttt'deatteatuertdecieuateueeiileteetirtet
1034 2945 1145 2994 mum
1154 2944 1294 2994 ulmtelut.

763 3083 943 3106 mm

302 3178 415 3227 urentis.
432 3179 508 3242 Sigea
511 3184 582 3230 .-ll
594 3181 672 3244 Legit
681 3182 754 3232 (lter.
766 3185 802 3232 Fa
803 3185 875 3236 teria.
877 3188 941 3236 -lt
958 3183 1108 3250 Lugendum
1116 3185 1238 3236 monetl.
1248 3185 1278 3236 p,
1283 3185 1404 3238 Gronov·

302 3243 697 3308 ᾱωηῂριοίιιιιιιὶῑιιιιθιιιιιῑι.
706 3247 856 3313 etllupert.

797 3391 906 3443 Nom:

301 3481 424 3530 retinet'
399 3495 469 3544 ,ram
481 3481 589 3533 dictum.
622 3484 741 3534 Nominis
751 3487 831 3536 tatio·
869 3487 918 3538 btts
930 3487 1030 3537 modia
1023 3502 1050 3537 tn
1061 3487 1139 3537 rebat
1150 3487 1290 3538 commodis
1301 3487 1399 3540 discer-

301 3569 359 3606 uetn
372 3555 581 3614 resturmern‘
591 3559 828 3622 quispereatuSe·
868 3563 958 3614 uitur!
976 3565 1399 3629 Nectuiuutlrnicvetbcretpou·

300 3629 354 3679 bini
365 3633 403 3679 eet
416 3646 431 3679 ιι
442 3645 506 3678 rnerr
499 3630 691 3682 '.deferelraut’
866 3638 931 3689 deut
946 3641 1016 3701 apud
1034 3639 1143 3690 Groerot
1162 3638 1262 3703 κρίνειν
1268 3649 1296 3690 et
1313 3641 1399 3706 &upl-

333 3707 424 3756 ‘Satn
441 3707 544 3756 discet-tri
557 3708 662 3770 parcen]
680 3707 748 3759 Quta
757 3724 828 3774 serpe
866 3729 929 3763 m:
947 3727 1092 3778 quenquam
1108 3716 1235 3766 dume
1250 3716 1283 3765 da
1293 3715 1398 3776 turnus,

297 3784 421 3832 decernere
440 3783 538 3832 Noster
555 3783 650 3846 aliique
668 3783 758 3834 dicunt
779 3801 827 3847 pro
865 3789 998 3838 dimne
1013 3789 1046 3838 da
1058 3791 1231 3854 pratentibus
1247 3793 1328 3856 megin
1344 3792 1399 3844 dici

297 3857 411 3906 decidere.
436 3857 653 3907 deosculantis
669 3858 786 3907 omnibns
797 3861 826 3908 li·
866 3877 917 3912 uon
929 3865 1022 3913 abano.

301 3929 353 3978 brit
379 3933 419 3981 hic
441 3946 544 3996 qrvuqtte
564 3934 659 3981 deeerrti
689 3933 826 3996 legendnm
899 3938 964 3986 ·Ae
983 3937 1051 4000 [lec]
1059 3939 1149 4002 pietate
1165 3939 1306 4003 inpetrent]
1325 3940 1397 3992 Quid

299 4017 358 4054 etse
367 4004 500 4054 decernit:
519 4009 591 4071 qnasi
601 4017 684 4056 nortet
693 4010 827 4058 daumero
866 4011 907 4060 tric
920 4016 1060 4077 precipua
1073 4015 1178 4078 pietatis
1188 4015 1215 4063 in
1228 4015 1346 4077 petrem?
1362 4017 1396 4067 lu

297 4081 416 4130 utrinam
428 4081 462 4128 sit
473 4095 520 4143 pro
528 4083 678 4146 dijudicare,
687 4085 825 4147 dispicere.
866 4096 986 4150 patruum
1013 4090 1098 4150 potius
1118 4103 1249 4153 maguum,
1272 4089 1397 4155 Capitolii

298 4157 826 4223 Quotatueuverbualcis-tepidiores,
866 4160 990 4211 advertus
1010 4162 1100 4213 Gallos
1129 4163 1303 4214 defensorem.
1340 4167 1396 4218 Sed

298 4232 379 4284 relati
397 4233 423 4282 iu
436 4232 533 4284 Periit.
549 4233 751 4298 ‘Temperantia
762 4236 825 4285 duo·
865 4237 1036 4300 lruJ'ueuomeu
1044 4240 1126 4289 exitur
1134 4241 1324 4304 pertimieeuta
1332 4243 1397 4293 omi·
