3150 4942
297 431 384 498 1006
467 405 472 414 ⁸
767 444 803 490 n.
821 441 918 489 nrurr

287 593 432 668 ,virtute
447 594 559 674 petere
572 587 712 653 honores
726 586 864 651 malunt.
907 583 969 648 Est
981 581 1115 666 uliquis,
1130 579 1189 663 qui
1203 597 1241 642 se
1256 573 1394 656 inspici,

298 691 457 758 estimari
467 697 491 731 ¹¹
507 689 674 768 festidium
691 687 749 772 qui
764 691 876 752 certos
891 685 958 748 sibi
971 683 1028 747 nni
1043 683 1184 746 honores
1195 677 1282 742 inter
1294 675 1394 740 ‹iimi-

298 797 411 856 cantes
432 789 671 873 competitores
697 805 831 871 ecqnnm
857 789 993 849 censeat
1014 801 1107 862 esse;
1130 781 1187 864 qni
1202 797 1240 842 se
1254 775 1394 840 arbitrio

298 899 410 956 restro
425 889 571 970 eximni;
593 887 653 971 qui
676 895 785 952 vestra
805 885 996 950 necessarie
1017 882 1171 962 snlirugiu
1191 898 1252 962 pro
1276 876 1394 940 volnu-

299 991 404 1065 teriis,
425 996 459 1055 et
482 1007 577 1054 serre
600 1007 660 1072 pro
680 986 796 1051 liberis
812 986 928 1050 iaciat.
970 983 1097 1048 Omitto
1119 979 1289 1046 Licinium
1303 977 1394 1042 Sex·

297 1091 463 1173 tinmque,
487 1091 627 1172 qnorum
656 1105 761 1152 ennos
784 1087 819 1150 in
843 1091 1007 1169 perpetua
1030 1087 1211 1166 potestate,
1233 1087 1397 1160 tunquam

299 1211 411 1276 regum
430 1193 466 1257 in
488 1189 673 1273 Capitolio,
689 1184 950 1253 numeratisz¹²⁶
964 1186 1042 1269 qnis
1061 1192 1115 1249 est
1128 1183 1226 1248 hodie
1251 1182 1285 1244 in
1308 1180 1396 1244 oiri·

299 1271 452 1359 tutelam
466 1291 611 1366 humilis,
633 1289 687 1354 cui
713 1307 779 1352 uon
807 1288 865 1352 vio
889 1285 932 1351 ud
958 1286 1168 1350 consulatum
1188 1282 1318 1346 facilior
1332 1300 1399 1362 per

299 1395 398 1458 istius
413 1393 499 1474 legis
515 1391 736 1466 occasionem,
751 1408 852 1473 quem
866 1388 963 1452 nobis
976 1406 1017 1451 eo
1030 1387 1142 1451 liberis
1156 1384 1296 1462 nostris,
1309 1384 1397 1450 fiut‘l

300 1493 330 1557 si
345 1493 478 1576 quidem
494 1509 568 1567 nos,
584 1509 627 1554 ne
644 1509 720 1553 enm
734 1487 907 1555 volueritis
929 1487 1075 1570 quidem,
1094 1506 1207 1552 oreore
1227 1485 1399 1550 interdum

300 1593 471 1676 poteritis;
493 1593 586 1670 istos,
603 1592 705 1656 etiem
720 1591 750 1654 si
765 1590 951 1666 nolueritis,
964 1607 1101 1652 necesse
1115 1589 1172 1652 sit.
1217 1587 1272 1652 De
1287 1585 1399 1668 indig-

298 1693 405 1758 nitate
421 1695 503 1758 sotis
515 1692 639 1757 dictum
656 1700 729 1757 est:
750 1691 893 1777 (etenim
916 1689 1059 1772 dignitas
1073 1689 1117 1753 ud
1131 1688 1280 1754 homines
1294 1689 1401 1770 perti-

300 1790 395 1874 net:)
416 1793 499 1876 quid
525 1792 567 1856 de
591 1792 808 1876 religionibus
831 1797 934 1874 etque
956 1791 1127 1874 auspiciis,
1149 1809 1227 1874 quoe
1256 1789 1400 1871 propria

302 1893 452 1958 Deorum
467 1895 702 1961 immortalium
717 1891 894 1959 contemtio
908 1897 1010 1975 utque
1032 1891 1154 1974 injurio
1173 1898 1238 1968 est,
1250 1891 1398 1974 loquart

301 1989 475 2077 Auspiciis
485 1993 568 2058 hano
578 1995 693 2058 urbem
703 1992 1234 2076 conditamesse‚enspiciisbello
1243 2012 1284 2058 uc
1292 1989 1401 2076 pace,¹

304 2093 394 2158 domi
407 2095 613 2179 militiaeqno,
629 2095 741 2159 omnia
755 2097 833 2179 geri,
848 2095 925 2178 quis
939 2101 1002 2173 est,
1016 2095 1074 2180 qui
1087 2096 1240 2177 ignoretl
1285 2095 1400 2159 Penes

304 2213 391 2278 qnos
414 2196 512 2278 igitur
533 2201 611 2260 sunt
632 2195 787 2279 euspicio
809 2216 903 2260 more
926 2191 1132 2280 majornml¹
1145 2215 1277 2278 nempe,
1292 2215 1400 2278 penes

759 2355 942 2378 Omoemus·

304 2459 334 2504 ll
352 2455 620 2518 viennensum,
630 2455 805 2519 quinctiani.
839 2457 1259 2519 Cumprourinrpleioestincrlpue.
1292 2455 1400 2505 luedd.

306 2525 364 2567 unte
376 2517 456 2567 Drrk.
469 2519 540 2578 signs
555 2519 646 2569 interr.
665 2521 749 2582 posits
814 2520 950 2581 tsediiiot
963 2528 991 2571 et
1001 2524 1176 2583 tercie-1¹
1190 2519 1218 2570 J.
1235 2519 1266 2568 F.
1280 2519 1401 2570 Gronov.

306 2579 385 2630 verbs
404 2581 430 2630 in
455 2581 575 2644 Capitolio
592 2586 705 2634 resecem
725 2584 849 2646 meunt,
867 2593 914 2635 cut
933 2587 985 2649 legi
1006 2587 1032 2637 in
1049 2586 1139 2647 Campo
1157 2585 1200 2634 ret
1218 2583 1245 2632 iu
1262 2584 1401 2633 musitio.—

797 2729 906 2780 NOTAE

337 2839 349 2872 ¹¹
368 2839 475 2896 mmm
494 2853 569 2888 mos
584 2841 611 2890 iu
624 2845 737 2904 perpetuo
755 2847 830 2904 peter·
873 2856 932 2891 cnm
943 2842 1036 2891 iterum
1054 2841 1172 2892 tribunus
1186 2841 1269 2904 plebis
1279 2840 1338 2889 sieri
1354 2856 1402 2891 ro·

303 2919 364 2972 iate,
380 2919 492 2978 impsum
508 2929 592 2976 region
608 2914 634 2963 iu
646 2915 773 2979 Capitolio,
790 2932 833 2965 nu·
873 2917 933 2976 init,
947 2931 1057 2980 cumque
1068 2917 1215 2966 triumviros
1230 2915 1346 2978 egnrloe
1356 2929 1405 2965 no·

303 2989 414 3054 memb]
431 2989 495 3040 Cum
518 2989 591 3046 iliud,
606 2989 632 3039 in
651 2991 777 3056 Capitolio,
792 2993 834 3041 rel
873 2991 964 3041 minari
991 2991 1100 3040 ceruit.
1134 2989 1199 3040 num
1226 2990 1330 3038 ridetur
1350 2991 1402 3040 lroe

306 3065 339 3114 ud
359 3079 440 3127 reges,
457 3065 499 3114 vel
516 3065 550 3114 sd
568 3065 684 3114 tribunos
699 3065 782 3129 plebis
794 3079 833 3114 re·
874 3067 941 3115 veile
952 3064 1070 3130 Appius:
1087 3081 1144 3117 enm
1156 3067 1288 3117 consulum
1304 3081 1337 3116 uc
1354 3068 1403 3116 tri·

303 3139 476 3202 serriporrir3
493 3139 594 3188 neutris
612 3141 750 3190 convenire
767 3140 834 3192 Gro-
873 3142 998 3192 bunorum
1025 3141 1172 3193 militarium
1199 3143 1315 3206 potestus
1334 3155 1404 3192 enno
1439 3171 1442 3175 ·

306 3227 365 3262 nov.
386 3221 479 3277 putetr
503 3227 555 3262 non
573 3215 687 3277 regibus,
704 3215 772 3279 qoud
791 3230 834 3266 eo·
874 3220 1057 3282 unotinietur;
1072 3221 1147 3270 etilli
1165 3235 1305 3285 perennc·
1316 3222 1404 3285 ringu-

305 3303 360 3337 rnru
372 3288 835 3357 nomineelibiunmerurlpotuerint,
873 3295 912 3343 los
931 3301 1061 3345 mutentur
1082 3297 1108 3346 in
1128 3295 1218 3356 nrum
1243 3305 1404 3359 potestatem

306 3379 381 3427 qoem
392 3364 418 3413 in
431 3363 579 3426 capitolio:
597 3379 648 3414 non
660 3365 770 3416 tribunis
782 3367 836 3431 ple·
876 3370 969 3420 Licinii
979 3371 1115 3436 Seruique
1129 3373 1154 3421 in
1173 3369 1301 3422 inlinitum
1314 3385 1405 3435 proro-

305 3439 354 3499 bir‚
365 3441 433 3503 quod
449 3455 537 3490 eorum
547 3441 618 3490 nuile
636 3443 661 3492 ln
674 3441 749 3493 lutis
765 3455 837 3493 men·
875 3443 941 3507 geri,
952 3450 981 3494 et
993 3447 1114 3509 quamdin
1125 3447 1222 3508 virent,
1231 3461 1276 3496 eos
1288 3447 1315 3496 in
1325 3446 1404 3496 nono-

306 3517 345 3564 tio
356 3523 487 3576 occurret,
501 3515 608 3581 aliisque
620 3516 652 3566 rie
664 3519 758 3568 caurio.
787 3519 836 3569 Fe·
876 3531 903 3567 re
914 3532 972 3567 esso
981 3521 1062 3581 reile;
1071 3523 1190 3586 exemplo
1198 3523 1405 3586 seilicetrrgnrn,

306 3594 377 3638 tetur
393 3588 436 3637 ille
453 3587 556 3653 quidem
571 3592 731 3643 tribunorum
752 3593 837 3659 plebio
876 3609 983 3658 qnorum
1000 3604 1113 3659 potestus
1128 3597 1154 3647 ln
1165 3596 1240 3648 furtis
1251 3597 1405 3662 Capitolinis

305 3664 475 3714 creandorum
487 3664 592 3714 comitio
611 3665 637 3714 in
648 3667 778 3730 Capitolio
789 3672 834 3720 cli·
876 3677 930 3720 toto
942 3672 1013 3734 regni
1030 3679 1146 3737 tempore
1161 3688 1209 3737 per
1228 3675 1349 3738 plurimos
1359 3690 1405 3725 en·

306 3740 410 3804 quondo
432 3739 527 3790 habitu.
561 3741 618 3804 Ego
641 3749 702 3792 tnnc
724 3744 834 3795 maxime
874 3759 921 3794 nou
931 3747 1079 3797 continuum
1089 3747 1290 3800 describeretur.

306 3816 342 3865 ibi
362 3815 449 3865 trrbitu
467 3815 588 3878 conjicio,
602 3830 660 3866 oum
677 3831 769 3868 novom
788 3820 835 3879 eli-
906 3820 914 3853 ¹
929 3820 1119 3884 Auspiciielctto
1129 3825 1235 3890 πρῆσε]
1251 3825 1319 3874 viee
1330 3824 1375 3875 lib.
1383 3821 1418 3875 r.‘

305 3891 368 3956 quid
379 3891 509 3955 igiturest
523 3889 629 3955 tribuni,
647 3899 675 3941 ei
690 3897 835 3955 presertim
876 3909 934 3958 esp.
952 3901 992 3945 18.
1009 3908 1037 3947 et
1054 3901 1094 3947 tu.
1127 3897 1188 3948 line
1200 3901 1334 3962 pertinent
1345 3916 1405 3966 quse

306 3979 364 4015 eum
380 3965 428 4014 sibi
445 3963 591 4015 continuari
609 3974 766 4029 potestatem
782 3971 835 4021 rel·
874 3969 909 4020 ‹ie
920 3973 1059 4035 ungaribus
1071 3973 1126 4023 Cic.
1140 3987 1172 4023 rr.
1186 3974 1220 4024 de
1232 3973 1297 4038 Leg.
1308 3976 1355 4025 troo
1365 3977 1405 4026 in·

307 4040 372 4090 lent.
408 4039 492 4104 leque
505 4039 604 4090 'liberii
617 4043 728 4094 Gracchi
747 4059 835 4096 exem·
877 4047 982 4110 primis:
1005 4049 1095 4098 ‘Nihil
1113 4050 1191 4105 domi,
1207 4049 1345 4102 nihilioris
1356 4064 1405 4115 per

308 4117 352 4178 pio
368 4115 472 4178 probari
485 4123 580 4180 potest.
592 4119 634 4182 qni
646 4119 756 4170 testibus
774 4121 837 4171 Pin·
877 4121 1043 4184 rnsgistrstus
1061 4133 1171 4190 gestum.
1187 4126 1243 4176 sine
1260 4141 1348 4177 eornm
1361 4143 1406 4192 po·

309 4189 398 4237 torono
408 4189 433 4238 in
444 4189 501 4252 ejus
518 4189 582 4253 vite,
593 4201 620 4242 et
632 4193 751 4258 Appiano
762 4195 806 4244 lib.
817 4209 838 4246 r.
878 4202 973 4246 testute
985 4211 1059 4260 posse
1071 4201 1227 4264 approberi’

310 4262 402 4312 bellur.
420 4263 491 4313 civil.
508 4277 540 4312 es
555 4264 581 4314 in
594 4265 723 4330 Cepitolio
740 4268 839 4333 hebuit,
892 4271 923 4328 ,¹¹
937 4273 1125 4336 Aspiciam
1135 4276 1261 4345 wore-r]
1271 4279 1343 4344 Lege
1352 4279 1405 4330 Ro·
