3150 4942
563 438 643 487 ure.
668 437 708 485 x.
728 380 812 487 cae.
831 422 886 486 to.
1185 422 1272 487 laen

179 582 356 660 exercitus,
379 581 438 665 qni
459 581 563 664 signis
589 582 721 647 collatis
740 580 954 651 dimicaturus
968 580 1147 659 videretur,
1167 600 1269 647 unum

178 702 352 769 superesse
367 682 447 749 belli
462 702 576 765 genus,
591 683 723 748 arbium
739 686 1030 765 oppugnationem
1051 702 1193 767 quarum
1211 702 1271 765 per

178 785 314 851 excidia
328 783 464 850 militem
479 783 686 867 locupletare
701 782 829 868 praeda,
852 790 887 848 ot
906 784 1034 849 bostem
1056 803 1117 867 pro
1138 784 1207 847 aris
1229 802 1269 849 ac

177 888 265 953 locis
277 885 485 953 dimicantem
500 884 664 951 conficere
680 894 830 969 possent.
874 886 1008 968 Itaque,
1029 885 1133 952 literis
1154 885 1270 947 missis

178 989 220 1055 ad
236 994 389 1053 senatum
404 986 635 1071 populumque
651 986 842 1053 Romanum
856 985 1015 1051 derebus
1028 987 1071 1051 ab
1091 1004 1130 1049 aa
1152 987 1268 1067 gestis,

177 1087 312 1165 diuersi,
337 1086 493 1171 Papirius
515 1087 558 1151 ad
582 1084 776 1171 Soepinum,¹
799 1086 965 1153 Carvilius
988 1088 1030 1151 nd
1050 1084 1269 1151 Volanam⁶m

178 1186 437 1273 oppugnandam
450 1188 596 1271 legiones
612 1188 752 1253 ducunt.

220 1291 274 1355 ⁴5.
297 1289 416 1354 Literna
428 1288 603 1355 consulum
617 1287 743 1371 ingenti
757 1288 876 1354 laetitia
889 1292 923 1352 et
936 1289 971 1351 in
986 1287 1080 1352 cuna
1095 1293 1131 1353 et
1142 1288 1176 1351 in
1191 1306 1271 1352 cou-

178 1392 274 1456 ciouc
288 1388 427 1469 auditm3
449 1399 486 1454 et
498 1388 664 1471 quatridui
685 1389 934 1472 supplicatione
959 1388 1132 1472 publicum
1153 1389 1271 1471 gaudi·

178 1512 236 1557 um
251 1492 407 1575 privatis⁷
423 1490 546 1556 studiis
560 1490 762 1555 celebratum
776 1496 840 1555 est.
877 1488 952 1555 Nec
968 1490 1098 1572 populo
1113 1489 1269 1555 Romam

178 1612 296 1677 magna
318 1593 437 1670 solum,
461 1591 523 1657 sed
548 1596 799 1676 peropportuna
820 1591 935 1667 etiarn,
958 1609 1001 1655 ea
1023 1592 1164 1655 victoria
1185 1590 1273 1685 t'uit3

178 1697 259 1779 quia
285 1714 347 1778 per
369 1692 456 1758 idem
478 1694 563 1759 sorte
587 1698 717 1775 tempus
741 1691 926 1757 rebellasse
948 1692 1112 1757 Etruscos
1133 1694 1271 1759 allatum

178 1804 240 1863 est.
286 1795 430 1863 Subibat
443 1795 603 1875 cogitatio
626 1794 783 1868 animum,
801 1811 945 1873 quonam
967 1793 1068 1857 modo
1089 1794 1271 1860 tolerabilis

177 1896 287 1961 lutura
302 1894 435 1962 Etruria
456 1894 588 1973 suisset,
603 1892 729 1975 siquid
745 1892 779 1955 in
796 1892 934 1956 Samnio
956 1894 1089 1957 adveni
1104 1896 1270 1973 veniemt3

178 2016 269 2079 quae,
284 1996 511 2081 conjuratione
529 1994 729 2061 Samnitium
751 2000 875 2071 crecta,
891 1995 1047 2077 quoniam
1067 1994 1168 2058 ambo
1190 2014 1268 2059 con-

178 2097 271 2161 sules
286 2096 460 2179 omnisqw
474 2094 633 2160 Romana
646 2094 699 2159 vie
723 2112 844 2159 aversa
857 2094 894 2159 in
908 2094 1077 2159 Samnium
1093 2105 1197 2173 esset,
1213 2115 1270 2161 cc·

178 2199 391 2280 cupaliouem
414 2198 531 2281 populi
554 2195 701 2261 Romani
722 2214 783 2278 pro
797 2196 990 2285 'occasione
1011 2196 1191 2260 rebellandi
1213 2198 1270 2261 ba-

177 2298 320 2363 buisset.
364 2298 564 2379 Legationes
580 2295 759 2375 sociorum,
775 2315 797 2360 a
812 2294 863 2359 Μ.
879 2295 986 2361 Atilio
1005 2308 1146 2379 praetore
1164 2299 1199 2361 in
1220 2318 1272 2363 ee-

177 2402 292 2461 natum
308 2398 513 2475 introductae,
530 2396 765 2481 querebantur,
781 2398 833 2461 uri
847 2405 884 2461 et
898 2400 1023 2462 vastmi
1035 2416 1134 2480 agros
1155 2418 1177 2463 a
1199 2400 1272 2462 tini·

176 2495 268 2559 timis
282 2495 441 2573 Etruscis,
456 2495 546 2581 quod
561 2496 753 2561 desciscere
768 2516 790 2561 a
803 2496 929 2580 populo
949 2497 1106 2564 Romano
1128 2499 1272 2579 nollent;

178 2595 493 2681 obtestabanturque
509 2596 626 2661 Patres
642 2596 864 2679 conscriptos,
881 2606 917 2661 ut
931 2618 967 2663 se
982 2618 1003 2663 a
1019 2600 1052 2664 vi
1067 2608 1169 2684 utque
1187 2601 1274 2683 inju-

176 2695 228 2759 ria
250 2697 471 2782 communium
496 2696 640 2762 hostium
666 2701 862 2761 tutarentur.
906 2697 1120 2780 Responsum
1144 2700 1273 2780 legatie,

178 2801 288 2859 ‘curae
315 2796 444 2858 senatui
472 2794 627 2869 futurum,
656 2812 697 2856 nc
727 2794 843 2857 socios
868 2794 947 2857 fidei
977 2816 1048 2860 snae
1073 2800 1271 2879 poeniteret:

177 2893 394 2959 Etruscorum
417 2914 521 2979 prope
545 2893 631 2957 diem
654 2890 798 2957 eandem
821 2890 993 2975 fortunam,
1018 2916 1119 2980 quam
1140 2897 1272 2962 Samni·

137 3052 144 3061 .
178 2994 270 3070 tium,
292 2992 382 3057 fore!
424 2994 567 3074 Segnius
591 2998 712 3071 tamen,
736 2992 828 3074 qnod
850 2994 893 3057 ad
911 2994 1081 3061 Etruriam
1103 3000 1273 3076 attinebat,

178 3102 259 3156 acta
281 3112 332 3157 res
352 3099 454 3172 esset,
475 3094 510 3157 ni
534 3094 686 3158 Faliscos
701 3112 849 3179 quoquc,
865 3097 923 3178 qui
947 3117 1006 3179 per
1026 3098 1148 3165 maltos
1163 3118 1272 3164 annos

629 3256 816 3280 ΟΜΝΜΜ

179 3354 318 3467 Ngtlaet
329 3354 387 3405 lac.
406 3354 676 3421 neccommittam,
693 3358 734 3421 pai
751 3359 941 3421 pant-ant.
960 3361 1059 3423 Vellent,
1078 3362 1177 3413 Velim·
1210 3362 1272 3412 vid.

207 3484 222 3529 7
241 3480 327 3533 ‘Auta
337 3482 507 3545 afflatione
517 3484 604 3547 suppl.
614 3484 649 3541 le,
660 3485 702 3534 vel
713 3490 736 3535 et
747 3486 913 3537 inserendum
924 3494 986 3537 ante
994 3487 1114 3553 pateam
1126 3490 1271 3555 Rupert-

673 3628 787 3699 nonn-

209 3721 413 3786 uranum]
427 3723 703 3790 &pimentpotina
743 3726 836 3779 cinare
849 3735 934 3779 tractu
953 3729 1034 3780 fuisse
1052 3732 1178 3781 Volscam
1197 3734 1272 3795 oppt-

178 3810 211 3845 ει
230 3794 386 3857 Ptolemae,
404 3797 538 3862 Frontino,
550 3806 579 3851 et
596 3802 704 3866 antiqua
743 3802 805 3853 curn
823 3804 884 3854 binc
904 3814 1016 3866 concam,
1033 3806 1070 3854 ita
1088 3821 1139 3869 qua
1157 3808 1215 3869 ejus
1233 3823 1274 3856 rs·

178 3871 360 3933 inscriptione,
379 3872 511 3937 nmina,
532 3876 630 3926 Samnii
657 3892 703 3940 op·
744 3878 827 3939 aloen
848 3890 923 3943 parte
945 3879 1026 3929 fuerit
1046 3881 1187 3941 ignoratur.
1231 3884 1273 3931 Au

178 3945 277 4008 pidum,
287 3945 365 3997 bodie
374 3944 464 4010 &plau
474 3948 581 4012 dictum,
598 3959 639 4002 ort
656 3951 704 4002 sub
744 3953 882 4015 legendum
894 3954 992 4003 Veliae?
1003 3961 1031 4002 ct
1042 3956 1111 4006 circa
1121 3956 1207 4006 Velini
1220 3972 1273 4007 arn-

179 4019 317 4083 Apennino
329 4021 362 4073 ad
373 4020 457 4073 sontes
464 4023 567 4075 Tamari
578 4028 669 4089 arunte,
678 4028 704 4075 io
744 4026 784 4075 nia
797 4025 883 4077 fontes
893 4026 973 4077 fuerit
983 4030 1029 4094 qul
1046 4029 1124 4079 bodie
1142 4032 1167 4079 ln
1187 4032 1274 4095 Apru-

179 4092 539 4156 finibuacornitaturbtolirii,
551 4101 705 4151 verruei'er·
745 4102 783 4151 tio
799 4102 932 4152 ulteriore.
965 4104 1054 4156 Codex
1076 4113 1149 4157 certe
1169 4107 1274 4158 Merum.

180 4180 236 4217 ram
249 4168 363 4221 Laborlr.
746 4176 826 4229 babet
840 4177 939 4229 Velim.

212 4248 230 4274 ¹
247 4242 287 4291 Art
302 4242 428 4323 Votorum]
446 4248 484 4300 Ut
502 4250 529 4299 iu
546 4250 652 4300 Samnio
670 4251 706 4299 vl-
