3150 4942
566 456 635 502 urs.
661 454 744 503 vrrr.
767 458 849 505 css.
868 444 902 505 7.
1193 416 1280 515 llic

182 608 302 682 equo¹¹
327 604 515 682 provectus,
533 598 660 665 ‘Visne
683 600 794 683 igitur,
809 599 888 664 duur
911 600 984 665 dies
1005 601 1071 667 istu
1094 604 1194 682 veuit,
1209 626 1283 691 qua

181 720 303 783 magno
324 706 444 767 conatu
458 700 623 765 exercitus
638 701 816 777 moveatis,
831 702 961 765 interea
975 706 1010 767 tu
1024 703 1101 786 ipse
1122 706 1281 789 congredi

181 820 322 878 mecum,
338 806 375 864 ut
394 805 509 865 nostro
523 800 663 865 duorum
676 800 748 882 jam
762 801 840 865 hinc
855 808 979 866 eventu
995 812 1158 882 cernatur,
1174 826 1281 889 qnan-

181 908 251 967 tum
276 908 378 986 eques
403 903 541 966 Latinus
572 900 728 967 Romano
756 903 932 985 praesteti'
988 904 1106 969 Movet
1133 906 1280 973 ferocem

181 1004 328 1067 animum
342 1004 478 1086 juvenis
499 1022 561 1067 seu
584 1004 644 1076 ira,
659 1022 720 1066 scu
733 1002 942 1067 detrectandi
956 1006 1146 1071 certaminis
1159 1008 1280 1090 pudor,

180 1124 240 1169 sen
258 1104 540 1187 inexsuperabilis
568 1105 621 1169 vis
647 1104 718 1168 tati.
763 1102 901 1169 Oblitus
926 1107 1040 1191 itaque
1064 1108 1195 1191 imperii
1218 1129 1281 1191 pa·
1373 1142 1380 1159 ·

181 1208 273 1271 trii¹²
297 1206 539 1289 consulumque
561 1206 675 1283 edicti,
690 1226 843 1290 praeceps
866 1206 959 1271 adid
975 1217 1141 1273 certamen
1158 1212 1279 1293 agitur,

180 1326 259 1392 quc,
290 1308 447 1383 vinceret,
476 1326 521 1372 nn
549 1306 744 1389 vinceretur,
772 1308 863 1373 band
898 1308 1039 1373 multum
1074 1310 1280 1377 interesset.¹

181 1409 365 1493 Equitibus
383 1407 502 1473 ceteris
526 1406 618 1471 velut
640 1406 682 1473 ad
705 1410 935 1489 spectaculum
955 1411 1141 1489 summotis,
1156 1413 1279 1496 spatio,

180 1508 271 1593 quod
293 1510 391 1575 vscui
411 1507 632 1591 interjacebat
653 1510 776 1591 campi,
791 1509 953 1575 adversos
967 1512 1141 1577 concitant
1153 1532 1279 1595 equos:

181 1620 227 1689 et,
248 1630 324 1675 cunr
350 1610 481 1675 infestis
508 1608 706 1690 cuspidibus
735 1610 991 1689 concurrissent,
1016 1611 1142 1675 Manlii
1166 1615 1281 1695 cuspis

180 1732 281 1796 snper
295 1712 423 1795 galcam
438 1710 555 1785 bostis,
571 1708 670 1809 Metii
687 1718 777 1775 usus
798 1710 963 1775 cervicem
983 1713 1061 1795 equi
1081 1714 1198 1796 elapsu
1218 1721 1287 1778 est.-

180 1814 401 1879 circumactis
421 1810 542 1876 deinde
565 1809 676 1893 equis,
692 1830 769 1875 cum
790 1811 882 1892 prior
903 1811 949 1875 ed
970 1812 1159 1879 iterandum
1174 1816 1281 1879 ictum

180 1914 329 1979 Manlius
358 1912 640 1991 consurrexisset3
666 1910 836 1994 spiculum
861 1912 947 1975 iuter
973 1932 1070 1977 aures
1094 1915 1172 1996 eqni
1192 1916 1279 1979 lixit.

179 2014 235 2079 Ad
257 2015 354 2099 cujus
375 2012 521 2078 vulneris
546 2028 683 2075 sensum
705 2030 782 2075 cum
803 2028 923 2093 equus,
946 2014 1114 2095 prioribus
1134 2013 1280 2097 pedibus
1356 2014 1363 2025 '

179 2117 311 2195 crectis,
326 2132 444 2198 magna
467 2114 503 2187 ri
523 2116 628 2195 capnt
647 2118 807 2194 quateret,
823 2114 976 2179 excussit
989 2115 1154 2196 equitem:
1180 2134 1281 2197 quern

179 2218 321 2301 cuspide
341 2234 524 2301 parmaque
546 2214 703 2289 innisum,
720 2212 923 2277 attollentem
947 2232 984 2277 se
1008 2216 1051 2277 ab
1075 2216 1168 2295 gruri
1187 2234 1281 2285 casn,

180 2318 330 2385 Manlius
344 2319 387 2381 ab
398 2315 530 2400 jugulo,
548 2314 596 2379 its
611 2320 649 2379 ut
662 2332 721 2394 per
732 2318 849 2377 costas
862 2312 982 2377 serrum
998 2315 1170 2391 emineret,
1182 2320 1281 2379 terrm

179 2418 306 2485 affixit:
335 2418 524 2501 spoliisque
551 2415 648 2479 lectis
677 2413 719 2478 sd
749 2432 832 2477 suos
859 2421 1025 2492 revectus,
1056 2434 1132 2479 cum
1156 2426 1282 2480 orente

178 2521 304 2604 gaudio
325 2528 431 2585 turma
451 2518 486 2582 iu
505 2520 628 2595 castre,
652 2523 752 2597 atque
774 2513 854 2578 inde
874 2515 917 2579 ad
942 2517 1131 2597 praetorium
1154 2515 1199 2581 ad
1217 2536 1281 2599 pn-

178 2628 272 2699 trem,
287 2621 405 2697 tendit,
420 2620 554 2700 ignarus
575 2616 657 2681 secti
668 2624 691 2662 ¹³
715 2615 913 2698 futurique,y
932 2615 1009 2681 leus
1025 2636 1069 2680 su
1085 2636 1189 2699 poenn
1209 2636 1280 2682 ure-

178 2724 243 2789 rite
267 2729 368 2799 esset,
390 2720 467 2785 ‘Ut
491 2738 544 2783 ure
570 2715 707 2794 omncs,'
732 2718 852 2799 iuquit,
877 2721 1008 2800 ‘patcn
1032 2723 1090 2783 tuo
1118 2720 1279 2799 sangnine

178 2832 287 2889 crtum
307 2843 383 2887 vere
404 2823 536 2899 ferrent,
555 2824 759 2903 provocatus
776 2817 949 2901 equestria
963 2816 1038 2881 brec
1051 2818 1161 2900 spolie
1175 2825 1281 2901 cepta

178 2944 220 2991 ex
236 2925 332 2989 boste
347 2941 436 2989 coeso
451 2919 570 3005 porro!
607 2918 710 2997 Quod
727 2918 784 2981 ubi
800 2918 933 2981 endirit
947 2919 1081 2994 consul,
1096 2920 1278 3000 extemplo,

178 3025 282 3089 tilium
297 3030 477 3093 aversatus,
493 3020 687 3085 concionem
701 3018 845 3081 classico
860 3018 1018 3080 advocari
1029 3018 1144 3099 jussit.
1188 3015 1277 3094 Quae
1332 3088 1337 3095 p

179 3126 238 3189 ubi
251 3125 408 3209 frequens
424 3121 588 3197 convenit,
602 3125 612 3153 ‘
626 3116 860 3200 Quandoque,'
871 3118 1017 3200 iuquit,¹⁴
1032 3121 1097 3192 ‘tu,
1107 3115 1148 3179 Τ.
1159 3114 1278 3193 Manli,

181 3406 321 3451 lma—12
339 3400 415 3463 conj.
434 3400 526 3449 Beusr.
542 3397 709 3461 perminis
725 3395 831 3456 Ignem
841 3394 895 3453 scri
911 3406 943 3441 ex
963 3391 1092 3441 emender.
1110 3391 1200 3453 Sigon.
1215 3390 1279 3440 deut

180 3466 296 3515 Gronov.
306 3466 389 3515 Drsk.
398 3464 497 3513 Strorb.
509 3462 643 3525 Kreyssig.
673 3460 743 3509 Facti
756 3460 862 3521 Dcnjet.
873 3458 1053 3513 creuere-1⁴
1070 3456 1112 3505 lte
1125 3456 1192 3505 Flor.
1204 3456 1278 3505 liert.

180 3528 256 3581 Voss.
268 3531 346 3594 prior.
373 3530 473 3585 Quaado
486 3526 564 3589 ιἰιᾳιιίι
579 3526 654 3575 Voss.
673 3524 811 3573 recentior.
840 3520 1159 3583 Quoadcqeideertlrouor.
1172 3520 1278 3584 Doulet.

673 3670 696 3719 N
701 3668 780 3718 O'I'AE

213 3780 225 3805 ¹
249 3772 437 3835 Qeo‚er'aceret‚
455 3784 487 3817 cs
504 3765 711 3817 emeterium
751 3764 794 3813 uio
816 3771 946 3826 antepono
968 3761 1128 3825 argentone,
1156 3759 1200 3808 ubi
1225 3758 1280 3818 soti

180 3852 281 3900 nullm
297 3844 434 3907 intumet]
455 3846 483 3894 Si
501 3845 709 3894 enlmeocerte·
751 3852 800 3902 pro
813 3839 887 3898 sceti.
919 3836 990 3889 Quid
1006 3835 1279 3892 enimdtstetsateerr

180 3926 249 3975 mirre
269 3924 353 3972 rietus
371 3928 449 3977 esser,
469 3920 605 3970 cecidisset
622 3918 709 3966 bostill
750 3914 859 3964 tuturo?
891 3911 928 3962 At
940 3909 1135 3973 sedentem
1150 3913 1278 3981 recteep-

181 3999 358 4065 mensequod
368 4000 389 4049 sl
401 4000 524 4059 vinceret,
533 4002 641 4060 psterno
650 4008 710 4043 corr-
752 3990 865 4054 ponitur.
898 3988 964 4034 Vult
979 3987 1049 4033 enirn
1060 3980 1278 4032 Menllumdlium

180 4076 373 4141 suteriinrperiu
382 4074 543 4125 nibilominus
552 4070 710 4135 pereundum
753 4068 886 4129 ignorasse
897 4069 924 4111 et
937 4061 1033 4110 fretun
1050 4072 1134 4120 suum,
1149 4058 1224 4122 quele
1235 4056 1279 4105 bs·

182 4156 233 4218 ipsi
245 4160 312 4203 eret.
753 4140 866 4191 besdum
885 4144 963 4197 esset.
979 4144 1008 4185 et
1027 4135 1087 4199 qnid
1099 4133 1194 4184 deinde
1211 4140 1280 4183 esset

214 4236 231 4270 r
245 4224 562 4289 lmmscctifsteriqne]
578 4222 655 4273 lianc
667 4236 711 4271 re·
752 4216 885 4274 futurum
903 4218 998 4274 utpote
1009 4211 1078 4277 qnod
1092 4226 1126 4260 ex
1142 4210 1224 4274 patris
1236 4210 1281 4272 jn·

182 4311 264 4354 terem
281 4316 313 4352 ex
324 4302 544 4353 librislectlonern
562 4312 620 4349 curn
633 4298 712 4347 Gele-
753 4294 823 4343 dlcio
839 4288 982 4356 penderet:
1006 4288 1113 4338 dubium
1130 4285 1237 4351 quippe,
1249 4296 1282 4333 ee
