3150 4942
281 405 366 474 1026
754 419 789 469 r.
814 416 908 470 mvn

209 559 211 564 ’
283 567 369 630 seria
396 564 556 640 disceret,
578 581 654 626 vere
678 563 858 646 imperioso
879 571 974 646 petre
997 583 1034 628 se
1058 569 1168 630 netum
1196 583 1285 631 esse.
1329 567 1381 632 At

284 685 382 748 quarn
393 665 438 728 ob
449 663 599 728 noxami
612 663 692 746 qnia
705 663 910 727 infacundior
922 665 977 740 sit,
989 671 1024 728 et
1034 664 1148 746 lingua
1158 667 1382 750 impromtns.'¹

284 765 387 844 Quod
404 771 532 829 natnrae
552 764 707 829 damnum
730 772 841 828 utrum
855 764 1064 829 nutriendum
1086 767 1198 848 patri,¹
1220 766 1268 850 (si
1284 769 1381 851 quic·

284 887 384 951 quam
400 868 432 930 in
456 887 497 930 eo
519 866 653 929 humani
679 870 795 944 esset)
815 884 859 930 au
878 865 1107 948 castigandum
1129 885 1171 929 ac
1193 870 1381 932 vexatione

283 968 413 1048 insigne
428 965 614 1031 iaciendum
630 965 785 1029 suisset4
798 985 840 1028 ne
854 972 967 1029 mutas
982 966 1117 1050 quidem
1130 969 1259 1032 bestias
1270 971 1383 1032 minus
1480 1021 1493 1045 ,

285 1068 374 1132 aiere
390 1087 430 1132 ec
444 1069 564 1144 fovere,
579 1068 609 1130 si
624 1067 703 1149 qnid
721 1086 764 1130 ex
780 1069 939 1149 progenie
960 1087 1021 1131 sna
1042 1086 1159 1149 pamm
1183 1089 1383 1152 prosperum

285 1171 340 1234 sit.
386 1171 443 1246 At,
461 1169 618 1246 Hercule,
633 1169 673 1232 L.
691 1167 856 1232 Manlium
879 1168 1001 1232 mulum
1017 1168 1108 1232 malo
1123 1189 1244 1250 angere
1258 1169 1331 1247 filii,
1347 1177 1384 1235 et

286 1271 475 1337 tarditatem
490 1271 612 1351 ingenii
634 1270 768 1352 insuper
783 1271 972 1351 premere3*
993 1277 1037 1347 et,
1059 1271 1187 1354 siquid
1202 1273 1238 1334 in
1251 1291 1293 1334 eo
1307 1271 1384 1334 exi-

286 1391 385 1454 guum
411 1370 570 1434 naturalis
596 1370 721 1451 uigoris
746 1369 800 1446 sit,
823 1370 858 1433 id
882 1370 1081 1453 extinguere
1101 1371 1172 1434 vita
1196 1372 1319 1453 agresti
1346 1378 1385 1434 et

287 1474 410 1536 rustico
424 1471 528 1548 cultu,
542 1472 625 1535 inter
638 1469 783 1553 pecudes
799 1468 974 1533 babendo!

322 1575 361 1637 ’5.
385 1572 541 1635 Omnium
563 1571 677 1654 potius
697 1572 750 1634 bis
770 1570 1064 1647 criminationibus,
1080 1589 1182 1652 qnam
1198 1570 1308 1653 ipsius
1325 1571 1385 1654 ju·

218 1690 220 1698 ¹
288 1674 393 1750 venis,
415 1674 561 1736 irritatus
577 1679 629 1735 est
644 1673 795 1736 enimus:
818 1673 896 1755 quin
911 1683 1036 1747 contre,
1049 1691 1087 1734 se
1104 1690 1238 1753 quoqne
1253 1672 1386 1753 parenti

289 1793 425 1838 causam
455 1773 590 1836 invidiae
617 1780 718 1856 atque
747 1773 919 1837 criminum
948 1791 1035 1848 csse,
1060 1791 1148 1853 eegre
1171 1791 1307 1854 passas,
1327 1771 1386 1856 (ut

289 1895 406 1940 omnes
433 1872 492 1937 Dii
522 1874 738 1956 hominesque
767 1876 901 1950 scirent,
926 1893 964 1936 se
990 1873 1118 1955 parenti
1142 1891 1242 1955 opem
1266 1871 1385 1950 latam,

289 1995 390 2059 quem
405 1974 549 2037 inimicis
564 1974 648 2056 ejus,
664 1975 809 2052 malie,)⁵
825 1974 1122 2056 capiteomnium,
1138 1973 1231 2036 rudis
1247 1972 1385 2056 quidem

290 2085 393 2160 etque
404 2077 548 2156 agrestis
563 2076 676 2153 enimi,
692 2082 726 2139 et
740 2095 932 2159 quenquam
946 2094 1012 2138 non
1027 2073 1139 2138 civilis
1152 2073 1321 2156 exempli}
1333 2080 1386 2137 ta·

289 2197 364 2243 men
377 2179 503 2261 pietate
516 2178 693 2241 laudabile.
724 2177 951 2243 Inscientibus
963 2176 1102 2252 cunctis,
1112 2176 1220 2239 cultro
1229 2176 1385 2240 succinc-

290 2285 356 2356 tus,
372 2298 469 2343 mane
490 2281 524 2342 iu
547 2277 687 2355 Urbem,
701 2285 803 2362 etque
829 2283 966 2360 aporia
988 2278 1123 2341 domum
1144 2276 1318 2340 confestim
1339 2274 1386 2338 ad

291 2379 342 2445 M.
359 2378 579 2461 Pomponium
594 2378 760 2442 tribunum
771 2377 923 2461 pergit:⁶
939 2378 1092 2461 janitori
1107 2381 1217 2460 ‘opus
1227 2395 1304 2439 csse
1317 2376 1386 2439 sibi

291 2479 424 2543 domino
441 2478 515 2560 ejus
528 2483 690 2550 convento
711 2478 899 2563 extemplo,'
922 2480 987 2543 ait:
1010 2481 1212 2557 ‘nuntiaret
1227 2477 1270 2540 Τ.
1286 2475 1386 2540 Men·

323 2651 336 2688 ⁵
352 2655 434 2715 Magia
443 2671 471 2704 uc
482 2656 559 2716 mugit
569 2647 674 2704 meando
684 2669 782 2717 augere,
797 2661 822 2705 et
831 2659 899 2720 quari
908 2657 935 2706 ia
948 2671 1053 2721 preceps
1061 2671 1141 2719 agere.

291 2716 406 2833 meliri-:add
415 2721 521 2846 edim.
530 2733 577 2768 aar
586 2721 722 2770 marasim
732 2720 823 2770 bomiri
832 2723 858 2770 ia
868 2721 965 2771 deitate
977 2728 1040 2772 reete
1048 2723 1178 2770 conatitrrta
1190 2726 1256 2784 nata,
1265 2721 1292 2769 ia
1301 2718 1388 2768 einim

740 2880 924 2902 comneno!

294 3008 370 3056 egros
386 2995 421 3044 ab
440 2995 479 3044 iria
498 2995 611 3058 impetur
629 2993 720 3044 deri.‘’
736 2996 793 3043 dac.
813 2995 965 3044 orm-r
982 2993 1127 3044 Glareanus
1144 2992 1280 3057 legandum
1295 2998 1386 3055 putat:

258 3101 266 3112 ,
294 3065 374 3107 utrum
384 3060 534 3108 sumundum
544 3058 618 3120 patri.
630 3074 658 3108 uc
666 3060 789 3108 neoemim
799 3058 891 3118 inrigat
898 3059 1044 3118 faciendam,
1054 3075 1085 3108 ιιι
1095 3059 1259 3120 magandan
1267 3057 1357 3120 patim,
1367 3060 1391 3107 ai

296 3124 323 3169 ta
335 3137 362 3170 eo
372 3119 713 3184 quicqanmtnrnnaisairreti
746 3122 808 3170 Vid.
822 3123 884 3171 Not.
896 3121 960 3172 Var.

327 3191 341 3233 tt
352 3191 359 3214 ⁸
369 3187 477 3234 Dnabna
489 3187 587 3246 ruentis
599 3185 713 3240 insertis,
724 3186 854 3235 tentantia
865 3201 1022 3250 magnopere
1030 3188 1153 3250 juratum
1163 3182 1257 3234 fortior
1267 3185 1298 3234 tit
1307 3198 1390 3248 onpo-

293 3247 354 3297 sitiu
367 3263 398 3298 ac
410 3249 531 3310 insignior
543 3248 588 3298 iiiii
600 3251 692 3312 piatas,
702 3251 725 3298 ai
737 3251 817 3312 tegar,
829 3253 1034 3313 reportationem
1042 3253 1127 3309 latura,
1135 3250 1260 3310 quartat
1268 3249 1299 3299 ab
1309 3250 1390 3298 isiari-

294 3311 329 3362 cia
350 3311 400 3372 ejas
421 3312 508 3364 mutio!
530 3313 628 3365 Stroth.
671 3315 829 3376 ‘Ingeniosa
846 3315 961 3378 quidem,
977 3315 1024 3363 red
1040 3327 1092 3362 uun
1108 3315 1264 3376 necessaria,
1279 3313 1391 3364 Strotbii

786 3455 897 3506 NOTAE

326 3557 338 3583 π
355 3549 420 3604 Quin
430 3549 633 3615 infacundiorrit,
644 3556 667 3600 et
681 3550 765 3613 iiagrru
779 3551 824 3600 in·
895 3558 909 3584 ¹
927 3550 997 3607 Quod
1013 3555 1108 3600 amma
1120 3553 1232 3601 damant
1247 3557 1329 3602 atra·
1344 3567 1390 3602 aa·

294 3625 413 3689 promtus]
429 3625 490 3674 ‘Ob
503 3625 599 3687 ingenii
616 3635 643 3674 at
661 3627 755 3688 tingnrc
771 3633 823 3676 tar·
863 3627 983 3675 trieadrua
990 3626 1068 3690 prid]
1087 3625 1190 3675 Natrira
1200 3627 1308 3676 bic-non
1319 3627 1391 3675 aiere

296 3699 425 3755 ditarem,'
442 3701 479 3749 ait
497 3708 588 3750 auctor
599 3701 631 3749 de
642 3701 715 3750 Viris
726 3701 824 3752 tttnstr.
863 3701 898 3750 ad
909 3700 1052 3762 aagendam
1064 3701 1202 3764 significat,
1210 3715 1267 3764 qun
1277 3702 1390 3764 vulgaria

297 3778 395 3828 Noster
409 3791 513 3841 qnoque
528 3789 585 3824 rnux
602 3776 698 3839 ingenii
715 3776 824 3826 tardita·
863 3777 1044 3839 catejuararbi
1053 3777 1234 3839 acceptique
1243 3777 1389 3840 proaodanr

297 3863 350 3903 tem
362 3860 446 3902 notat.
476 3851 535 3900 Vai.
552 3851 623 3900 Max.
644 3849 687 3901 tib.
703 3865 741 3900 vr.
758 3867 783 3900 c.
799 3854 825 3900 0.
864 3851 974 3900 sumitur
984 3865 1016 3900 ac
1027 3851 1392 3906 moltioritractatiune,rclnt

297 3928 425 3978 ‘Hebetir
437 3935 515 3994 atque
529 3927 614 3977 obtnai
630 3925 730 3976 cordia’
744 3925 824 3976 fuiaaa
864 3924 986 3986 fomento,
994 3938 1096 3974 curare.
1113 3925 1214 3975 Probat
1222 3926 1338 3988 pinnen·
1346 3941 1393 3975 ex·

298 4004 367 4052 vnit:
386 4003 509 4067 additque
520 4005 561 4052 ‘iu
579 4003 636 4060 huc,
647 4003 759 4054 fortunar
771 4018 824 4054 rna·
865 4004 956 4066 emptis
967 4002 1112 4052 Gronovius
1123 4017 1130 4050 r
1148 4002 1294 4065 presertim
1305 4017 1337 4052 ex
1351 4004 1392 4065 ip·

298 4079 375 4140 tigna
388 4076 484 4138 nubilo,
493 4078 676 4128 adulescentia
689 4088 825 4129 contemtu
863 4093 894 4128 ιο
905 4079 987 4128 bivio.
1016 4078 1119 4126 Natura
1130 4085 1217 4125 autam
1228 4079 1338 4126 dmm
1349 4087 1392 4128 cat

299 4149 428 4215 perfuannr
438 4152 530 4214 videri,
547 4169 597 4218 qno
613 4157 756 4206 surrecturis
766 4155 823 4220 ejus
864 4150 1052 4202 incommodum
1070 4141 1200 4215 naturareg
1215 4151 1307 4202 vitium
1320 4168 1335 4203 a
1346 4167 1391 4203 ua·

299 4225 379 4276 mena
391 4226 501 4276 tircidiur
513 4227 687 4280 enitesceret'
866 4237 924 4278 tura
936 4228 1051 4278 inritum.
