3150 4942
309 416 395 485 taso
778 428 814 483 s.
838 428 929 483 nrvtr

309 574 565 641 deterrtrerint¹⁰
617 572 667 637 Μ.
691 571 867 641 Valerium
892 576 1065 640 consulem
1085 589 1202 639 omnes
1232 577 1410 641 sententiae·

308 674 537 756 centuriaeque
548 672 674 751 dixere,
690 693 786 757 quem
804 684 945 741 senatus
960 676 1154 741 dictatorem
1169 676 1238 739 diei
1247 676 1413 758 jussurus

307 774 426 839 suerat
468 774 557 838 Tum
572 776 742 859 extemplo
763 776 797 840 in
814 776 980 841 Etruriam
1001 775 1045 839 ad
1065 777 1213 856 legiones
1233 775 1416 857 proficisci

303 876 419 958 jussit.
464 873 635 939 Adventus
650 875 724 959 ejus
739 878 940 959 compressit
961 877 1137 953 Etruscos,
1152 877 1242 940 adeo
1257 882 1297 939 ut
1310 895 1413 940 nemo

307 982 402 1043 extra
416 978 619 1041 munimenta
628 984 651 1015 ¹¹
675 975 791 1059 egredi
806 978 955 1055 auderet,
974 978 1137 1059 timorque
1150 978 1305 1058 ipsorum
1322 978 1414 1041 obsi-

309 1076 402 1141 dioni
425 1077 544 1141 similis
563 1084 665 1143 esset
711 1077 835 1159 Neque
860 1078 937 1140 illos
959 1095 1066 1141 novus
1088 1077 1208 1141 consul
1234 1077 1415 1141 vastandis

309 1179 397 1261 agris
410 1178 611 1261 urendisque
626 1180 736 1255 tectis,
762 1198 837 1243 enm
851 1178 978 1259 passim
999 1196 1064 1241 non
1085 1178 1176 1241 villis
1198 1177 1326 1254 solnm,
1350 1178 1414 1241 sed

204 1354 209 1361 Ι
306 1280 497 1362 trequentes
517 1296 651 1363 quoque
674 1280 751 1356 vici,
775 1276 936 1342 incendiis
949 1277 1124 1353 fumarent,
1143 1278 1268 1341 elicere
1282 1277 1329 1341 ad
1342 1298 1412 1342 eer-

308 1388 417 1445 tamen
444 1381 564 1464 potuit.
608 1378 694 1443 Cum
720 1380 783 1443 boc
811 1377 948 1459 segnius
970 1377 1095 1441 bellum
1119 1378 1284 1460 opinione
1308 1386 1412 1455 esset,

308 1482 441 1546 alterius
456 1482 545 1557 belli,
562 1480 652 1563 quod
667 1480 781 1545 multis
794 1480 828 1543 in
842 1480 952 1543 uicem
967 1479 1124 1543 cladibus
1137 1479 1228 1543 baud
1243 1479 1413 1543 immerito

308 1583 454 1647 terribile
469 1588 549 1659 erat,
572 1581 664 1646 sama
679 1580 881 1657 Picentium,
895 1599 1060 1645 uovorum
1075 1580 1254 1655 sociomm,
1278 1581 1412 1645 indicio

306 1689 429 1748 exorta
443 1690 513 1747 est:
529 1682 717 1747 ‘Samnites
728 1700 824 1746 anne
835 1686 871 1745 et
884 1680 1103 1746 rebellionem
1118 1688 1286 1764 spectare,
1301 1702 1412 1764 seque

307 1784 351 1849 ab
367 1784 409 1846 iis
424 1783 612 1847 solicitatos
627 1781 725 1847 esse?
769 1782 969 1847 Picentibus
983 1784 1102 1865 gratiae
1117 1792 1218 1860 actm,
1236 1791 1273 1846 et
1286 1802 1411 1865 magun

305 1902 386 1967 pars
401 1900 490 1948 curte
504 1884 665 1948 Patribus
679 1885 723 1949 ab
739 1883 874 1949 Etruria
886 1884 920 1948 in
935 1884 1104 1948 Samnites
1116 1902 1217 1947 verse
1231 1892 1300 1948 est.
1342 1884 1411 1949 Ga·

306 1986 389 2049 ritas
404 1986 505 2050 etiam
518 2004 662 2071 anuonre
676 1985 846 2049 solicitam
861 1985 1037 2049 civitatem
1052 1985 1190 2063 babuit3
1205 1993 1412 2068 ventumque

308 2085 352 2151 ad
367 2087 494 2169 inopiae
509 2086 662 2149 ultimum
672 2085 768 2162 soret,
783 2093 822 2148 nt
833 2085 1007 2168 scripsere,
1024 2086 1145 2168 quibus
1154 2085 1289 2149 aedilem
1301 2085 1411 2149 fuisse

305 2206 348 2251 eo
364 2206 450 2251 anno
467 2185 608 2250 Fabium
625 2184 815 2249 Maximum
829 2185 952 2266 placet,
967 2186 1003 2248 ui
1016 2185 1090 2268 ejus
1105 2186 1167 2249 viri
1187 2203 1278 2261 euru,
1294 2186 1410 2268 qualis

307 2289 342 2351 in
367 2288 501 2351 bellicis
522 2287 622 2349 rebus
647 2286 762 2349 multis
789 2286 1045 2367 tempestatibus
1068 2286 1187 2363 suerat,
1209 2286 1291 2349 talis
1314 2285 1409 2349 domi

306 2396 377 2452 tum
397 2389 431 2450 in
453 2404 593 2449 annones
610 2386 873 2467 dispensatione,
897 2383 1117 2468 praeparando
1131 2404 1172 2449 ac
1185 2386 1409 2450 convehendo

304 2490 484 2564 frumento,
510 2486 637 2551 suisset
691 2486 742 2549 Eo
770 2505 857 2550 auno
886 2484 968 2569 (neo
993 2486 1132 2550 traditur
1157 2484 1277 2569 cansa)
1306 2490 1410 2552 inter·

306 2606 443 2667 reguum
469 2587 598 2650 initum.
643 2586 829 2667 Interreges
854 2586 947 2651 suere
966 2586 1037 2669 Ap.
1060 2586 1233 2662 Claudius,
1259 2586 1339 2650 dein
1363 2588 1406 2653 P.

306 2686 487 2769 Sulpicius.
532 2686 569 2749 ls
585 2688 722 2749 comitia
736 2689 926 2752 consularis
941 2688 1068 2751 babuit.
1112 2687 1250 2752 Creavit
1264 2686 1305 2751 L.
1321 2687 1408 2751 Cor·

305 2790 427 2853 uelium
440 2786 644 2871 Scipionem,
659 2785 721 2852 Cu.
735 2786 893 2851 Fulvium
908 2787 1086 2851 consules·
1117 2786 1292 2869 Principio
1305 2788 1408 2871 hujus

304 2891 381 2953 anni
410 2895 557 2952 oratores
588 2883 816 2953 Lucanornm¹
846 2888 890 2951 ad
919 2907 1025 2953 novos
1051 2888 1207 2951 eonsules
1232 2901 1407 2966 venerunt,

285 2987 474 3070 'questum
497 2988 605 3071 ‘quie
624 2986 868 3053 conditionibus
883 2988 1042 3070 perlicere
1066 3006 1104 3051 se
1128 2988 1338 3071 nequiuerint
1361 2990 1409 3064 ad

305 3089 500 3153 societatem
517 3106 692 3164 armorum,
715 3087 884 3151 Samnites
899 3087 1022 3152 infesto
1036 3090 1188 3151 exercitu
1202 3089 1408 3170 ingressos¹²

304 3190 388 3253 fines
413 3207 493 3252 suos
515 3194 659 3262 vastare,
690 3188 846 3270 belloque
868 3188 912 3253 ad
938 3188 1062 3252 bellum
1091 3208 1220 3270 cogere.
1265 3189 1407 3253 Lucano

303 3290 434 3372 'populo
459 3289 541 3353 satis
567 3308 733 3373 superque
759 3297 903 3353 erratum
920 3292 1109 3372 quondam:
1131 3308 1219 3353 nuuc
1233 3289 1284 3353 ita
1298 3290 1406 3353 obsti·

303 3397 404 3455 natos
420 3391 548 3456 animos
564 3409 650 3467 esse,
672 3399 710 3455 nt
725 3391 839 3454 omnia
853 3390 936 3454 serre
958 3410 999 3455 ao
1021 3391 1094 3473 pati
1116 3391 1328 3456 tolerabilius
1340 3390 1406 3454 dn·

759 3566 942 3589 ΟΙΜΟΜΝΝ

305 3684 336 3730 ld
352 3681 359 3709 ‘
369 3679 480 3729 Videtur
490 3678 652 3728 scribendum
662 3696 670 3729 ε
688 3682 786 3729 nuntias
796 3683 858 3741 suit·
884 3683 973 3731 Potrrs
982 3682 1069 3743 objub.
1080 3716 1103 3730 ..
1116 3719 1124 3734 .
1135 3682 1317 3733 deserum!
1333 3682 1359 3733 J·
1373 3684 1404 3733 F.

305 3744 420 3794 Gronov.
454 3744 530 3807 Conj.
550 3742 659 3805 Rupert.
676 3750 700 3791 et
718 3745 879 3794 Patren—ll
897 3746 959 3795 Ver.
978 3747 1022 3795 lib.
1035 3748 1104 3809 apud
1115 3748 1204 3811 Sigon.
1220 3749 1404 3797 murem-

304 3812 336 3859 li
353 3808 497 3871 Perspicua
517 3807 599 3868 magis
620 3805 709 3855 intera
726 3808 829 3856 videtur
847 3808 941 3871 oratio,
955 3811 976 3857 si
993 3816 1171 3874 postqussturrs
1184 3814 1310 3876 scriptum
1322 3822 1403 3868 essct,

304 3873 433 3935 Sumite,
444 3874 500 3936 euin
508 3871 668 3935 aeqsierrirt,
677 3873 718 3933 15⁶.
728 3871 816 3931 mesto
825 3873 932 3922 escroitrr
941 3875 1067 3936 iugem

796 4000 904 4063 NOTAE

337 4102 351 4131 ¹
368 4100 400 4149 Α.
413 4098 446 4148 U.
458 4098 488 4149 c.
499 4102 556 4148 trs.
871 4096 920 4147 dns
937 4099 1049 4165 Dionys.
1066 4102 1178 4167 Ereerp.
1191 4112 1236 4151 ιιι.
1250 4100 1405 4164 deuerti·

335 4172 343 4209 ¹
361 4176 474 4223 Oratores
484 4170 645 4233 bucrroram]
668 4172 710 4220 De
721 4170 769 4220 bre
780 4172 831 4220 Lu⁴
871 4174 970 4224 onibus.

305 4258 426 4297 esnornm
435 4246 467 4297 ad
477 4248 605 4298 Romanos
613 4246 733 4298 orstinne
743 4245 831 4296 viden·
