3150 4942
582 445 653 494 mn.
677 445 730 514 vr.
749 443 833 492 cnr.
854 427 907 493 19.
1216 425 1281 490 961

191 587 335 670 petistis,
351 587 543 652 obtinuistis
559 607 621 652 seu
639 587 683 664 ri,
699 586 904 652 senfortunn
915 589 1036 650 vestre.
1056 583 1207 666 Tempus
1217 591 1281 663 est,

190 691 293 752 etium
304 689 431 772 majora
444 690 596 754 conari.¹⁵
635 688 844 773 Experimini
859 687 1006 752 modoet
1020 687 1282 752 vestramselici·

192 795 305 864 tatem
322 797 356 853 et
371 809 424 852 me
438 794 488 866 (ut
502 795 614 872 spero)
625 790 769 854 feliciter
782 795 958 871 expertum
974 789 1121 853 rminore
1136 790 1281 878 negotio,

191 893 250 972 qui
282 894 424 974 imperet
453 893 624 969 Patribus,
645 893 837 975 imponetis,
863 909 979 975 quem,
1005 891 1066 975 qui
1088 891 1282 956 resisterent

189 991 440 1074 imperantibus,
455 994 679 1076 imposuistis.
725 994 807 1058 Solo
823 993 1000 1076 aequendee
1014 1000 1092 1057 sunt
1107 993 1281 1058 dictaturae

190 1093 461 1179 consulatusque,
477 1101 513 1159 ut
535 1101 639 1177 ceput
660 1096 817 1160 attollere
839 1094 995 1160 Romane
1020 1095 1136 1178 plebes
1162 1095 1281 1177 possit.

190 1193 336 1258 Proinde
358 1195 487 1271 edesio,
510 1195 682 1278 prohibeto
700 1197 758 1279 jus
773 1197 815 1260 de
837 1197 991 1278 pecuniis
1016 1195 1097 1260 dici.
1142 1195 1215 1277 Ego
1229 1213 1282 1258 me
1388 1261 1395 1278 ,

189 1299 364 1376 patronum
378 1297 533 1379 profiteor
543 1297 663 1379 plebis,
675 1297 764 1381 qnod
781 1299 863 1362 mibi
878 1315 958 1362 cure
973 1304 1067 1361 mcor
1080 1295 1209 1360 etlides
1223 1315 1281 1359 no·

190 1413 264 1461 men
276 1398 392 1464 induit.
437 1398 512 1465 Vos
525 1401 555 1464 si
567 1397 594 1438 ¹⁶
614 1419 684 1483 quo
698 1399 822 1481 insigni
838 1401 945 1482 magis
954 1398 1086 1482 imperii
1100 1398 1281 1462 bonorisre

191 1499 324 1563 nornine
337 1507 480 1564 vestrum
496 1500 712 1583 appellabitis
726 1499 857 1574 ducem,
872 1519 914 1564 eo
928 1499 1068 1564 utemini
1089 1498 1281 1582 potentiore

192 1599 236 1664 ed
250 1601 431 1665 obtinendo
446 1620 499 1678 ee,
515 1619 592 1683 quae
607 1599 731 1665 vultis?
761 1601 848 1664 lnrle
860 1601 903 1665 de
920 1621 1022 1684 regno
1037 1601 1156 1682 egendi
1170 1607 1282 1663 ortum

191 1701 323 1766 initium
345 1701 491 1784 diction
519 1704 667 1768 scrineo
694 1723 772 1768 cum
787 1704 992 1787 quibus,nec
1008 1721 1105 1786 quem
1120 1700 1282 1765 adfinem

192 1803 333 1868 consilia
348 1806 562 1887 pervenerint,
577 1813 632 1871 set
646 1805 784 1889 plenum
799 1805 950 1872 traditur.

233 1905 287 1968 19.
310 1904 357 1971 At
379 1908 414 1970 in
428 1913 523 1991 perte
538 1907 643 1972 altere
658 1913 797 1972 senatus
813 1906 855 1971 de
876 1907 1068 1971 secessione
1087 1905 1123 1968 in
1148 1905 1282 1970 domum

190 2005 353 2087 privatum
385 2008 505 2090 plebis,
535 2009 619 2072 torte
644 2009 744 2072 etiem
769 2009 804 2072 in
831 2027 906 2073 arce
939 2009 1111 2090 positum:
1148 2015 1183 2072 et
1221 2008 1282 2070 im·

192 2108 326 2171 minenti
345 2109 435 2172 mole
451 2109 662 2174 libertatis·
692 2111 812 2193 agitet.
857 2109 981 2191 Magon
1000 2129 1079 2191 pers
1101 2109 1283 2172 vociferen-

193 2214 256 2285 tur,
278 2208 443 2274 ‘Serrilio
469 2210 581 2276 Abale
610 2227 698 2293 opus
721 2231 811 2289 esse,
830 2213 887 2294 qui
912 2229 980 2274 non
999 2211 1034 2273 in
1055 2207 1189 2274 vincola
1203 2205 1283 2272 duci

186 2307 338 2390 jubendo
363 2312 467 2376 irritet
487 2313 660 2395 publicum
676 2313 818 2390 bostem,
842 2312 902 2377 sed
923 2313 1021 2376 unius
1036 2311 1173 2394 jactura
1196 2308 1282 2372 civis

191 2408 283 2474 finiat
296 2412 489 2476 intestinum
516 2411 664 2478 bellum!
708 2413 905 2479 Decurritur
925 2413 970 2477 ed
993 2413 1151 2477 leniorem
1168 2410 1281 2474 rerbis

222 2629 233 2656 ²
252 2623 404 2674 Coeeuttolnt
421 2631 516 2674 urum
529 2627 560 2676 ile
574 2632 636 2676 ciete
648 2626 723 2692 plebis
737 2630 867 2680 mutetis
882 2628 908 2678 trr
919 2625 1160 2692 procreatam.
1171 2625 1283 2689 Maro).

191 2701 252 2750 qua,
263 2692 290 2736 rrt
299 2688 478 2750 conferebat,
488 2689 542 2740 rite
552 2697 620 2742 eruet
631 2691 657 2742 iri
667 2708 730 2744 orer.

649 2847 829 2872 WOONUO

192 2985 256 3030 -lb
273 2981 334 3031 Vet.
344 2981 390 3032 lib.
402 2979 470 3045 epoti
482 2981 573 3046 Sigon.
588 2983 655 3032 Uri«
665 2988 757 3048 temper
768 2989 805 3034 ert
813 2985 885 3035 dmm
896 3001 927 3036 rr.
937 3001 959 3035 e.
992 2986 1051 3033 Jnrrr
1067 2999 1113 3045 pro
1130 2985 1203 3033 etiam
1222 2984 1285 3034 dent

192 3045 308 3096 Gronov.
325 3047 436 3110 Doujet.
453 3045 570 3096 Crevier.
601 3047 679 3098 Melit
691 3059 719 3098 et
729 3047 905 3110 nuperi-rc
922 3050 1015 3098 ‘Forte
1029 3049 1081 3097 del.
1097 3049 1128 3112 ri,
1139 3057 1167 3097 nt
1178 3063 1223 3111 quo
1235 3063 1285 3098 non

193 3109 238 3168 elt,
250 3111 344 3173 ulique,
354 3111 398 3159 rerl
410 3125 455 3174 qno
465 3119 490 3159 rt
503 3125 529 3159 eo
540 3113 612 3176 queri
625 3119 730 3176 quanto,
742 3112 832 3162 tuoto!
849 3113 939 3163 Bauer.

227 3177 257 3222 17
276 3175 350 3237 Legit
367 3175 702 3226 TernFeberierrrrieerrterrr
718 3178 820 3240 pellica
829 3177 944 3228 libertati.
972 3176 1287 3242 Cosilinum-irimberti·
1360 3187 1364 3194 ·

683 3321 792 3373 NO'l'AE

223 3457 232 3482 ¹
251 3451 319 3506 Quod
335 3451 395 3500 milti
413 3465 472 3500 erro
486 3449 549 3514 rnre]
571 3451 719 3517 Quocum·
759 3451 886 3502 merendo
898 3467 945 3516 per
955 3452 1116 3516 enriplrreeiu
1132 3451 1286 3517 rleriretorrr,

194 3527 261 3576 troni
273 3527 363 3590 rostri)
375 3541 466 3576 nonen
479 3527 539 3576 mibi
551 3527 666 3590 ipret‘eci
677 3543 718 3579 ro·
759 3543 820 3577 non.
833 3529 914 3576 solnm
936 3529 1014 3592 pilum
1034 3529 1060 3577 ie
1080 3529 1145 3578 meri
1174 3529 1286 3580 edition·

192 3603 325 3656 licitntline
338 3604 364 3652 in
378 3617 431 3660 ror,
442 3610 470 3654 et
479 3601 549 3652 ticeli
561 3617 649 3667 opere.
759 3611 824 3663 tani,
834 3603 880 3651 red
893 3617 947 3652 reor
963 3604 1080 3667 quemvis
1096 3617 1215 3666 megum
1232 3607 1285 3668 sig·

223 3687 234 3712 ⁸
250 3681 285 3728 lit
293 3679 427 3729 inminuti
437 3681 496 3728 rrrole
504 3679 623 3744 libertati]
641 3681 719 3745 Legit
758 3678 855 3734 nitioet,
868 3693 926 3743 poe
938 3693 1007 3741 tegre
1018 3679 1118 3728 ororeii
1127 3687 1173 3730 ent
1182 3693 1286 3728 emere·

191 3757 254 3805 l’en.
263 3755 349 3804 Faber
360 3757 430 3804 orello
441 3761 587 3818 anemeel
596 3757 718 3808 tremisce·
759 3760 781 3807 ri
796 3763 892 3821 quest:
909 3755 956 3804 red
974 3769 1021 3818 pro
1037 3755 1169 3806 molimine
1184 3763 1229 3805 ert
1247 3757 1287 3805 in·

193 3839 239 3882 terr
259 3833 359 3895 pellica
379 3831 496 3895 libertati,
518 3839 549 3882 nt
570 3833 603 3882 ed
626 3833 718 3884 Manlii
758 3839 900 3882 strumento
918 3832 1063 3893 periculoso
1080 3833 1105 3880 io
1118 3833 1229 3895 ntiquom
1241 3832 1287 3882 de·

191 3909 295 3958 domurn
310 3909 336 3958 in
351 3907 482 3972 capitolio
493 3909 601 3972 porilem
613 3909 719 3961 referet.
759 3908 856 3958 itinere
876 3908 971 3956 Cicero
988 3908 1070 3969 ponit,
1086 3921 1162 3956 reoeo
1184 3908 1219 3958 eb
1236 3907 1285 3959 bec

192 3983 336 4041 Prreclnre,
358 3983 379 4032 ei
404 3997 435 4032 ee
458 3983 532 4034 Liuio
552 3997 634 4035 ruens.
666 3985 718 4036 Sed
759 3984 824 4032 Livii
836 3983 1026 4032 sententisoco
1038 3983 1286 4038 ebbcrreete,rr.ie

192 4058 291 4124 ebrque
308 4059 357 4108 boe
378 4059 546 4123 intelligimur
566 4073 670 4122 gerrem
687 4075 720 4112 eo
760 4061 827 4110 Ruti.
838 4061 846 4087 ‘
856 4059 1015 4120 llicepoeru
1025 4058 1112 4109 sedern
1124 4074 1198 4110 neon
1211 4063 1287 4125 lteip.

193 4133 333 4184 timendum
347 4133 407 4197 rim,
421 4149 480 4199 quus
499 4133 616 4184 libertrti
632 4150 664 4184 err
676 4136 719 4188 illo
759 4135 936 4193 constitution
962 4134 1060 4186 molem
1067 4145 1158 4188 coum
1169 4145 1285 4187 reterens

192 4209 394 4259 reditiorocoetu
406 4208 565 4274 impendent.
583 4210 655 4260 Melie
663 4225 719 4261 cer·
760 4209 1034 4274 Rernp.courpereut.'

194 4291 222 4333 te
235 4284 387 4335 vocobulum
397 4284 453 4334 rire
464 4284 626 4348 mellendo,
637 4285 692 4338 rire
704 4301 721 4336 e
