3150 4942
562 416 636 466 ura.
658 413 710 464 vr.
733 413 817 468 cnr.
837 403 892 468 38.
1207 403 1272 502 9οῖ

151 557 394 634 'Consulatum
421 575 598 642 superesse
623 557 810 642 plebeiisr¹
835 579 908 624 eam
934 565 1010 624 ease
1034 578 1145 626 arcem
1172 561 1275 627 liber·

176 662 269 737 tatia,
286 660 320 723 id
344 661 505 725 columen.
528 727 532 734 ,
549 661 587 724 si
603 681 643 726 eo
659 669 853 744 perventum
867 661 923 738 sit,
938 668 1008 725 tum
1024 663 1186 745 populum
1202 663 1273 728 Ro·

176 780 310 824 manum
327 779 402 824 rere
425 765 563 826 exactos
577 778 622 824 ex
636 759 728 825 Urbe
744 781 850 844 reges,
864 768 899 825 et
913 762 1065 826 stabilem
1087 761 1273 828 libertatem

177 863 275 925 suam
290 861 564 926 existimaturum.
599 860 737 945 Quippe
749 881 795 926 ex
808 862 863 926 illa
874 862 976 926 die'io
990 862 1122 944 plebem
1136 869 1274 929 ventura

175 963 301 1039 omnia,
315 962 440 1046 quibus
455 963 585 1044 patricii
602 964 778 1041 excellant,
794 963 968 1046 imperium
983 970 1084 1047 atque
1099 963 1271 1041 bonorem,

175 1063 313 1143 gloriam
328 1062 420 1136 belli,
437 1082 552 1143 genus,
567 1064 788 1141 nobilitatem,
803 1083 924 1146 magua
939 1065 1026 1146 ipsis
1040 1064 1187 1142 fruenda,
1202 1085 1273 1130 ma·

171 1163 250 1245 jora
270 1163 384 1226 liberis
401 1163 640 1247 relinquenda.’
685 1165 801 1248 Hujus
816 1165 945 1247 generis
959 1165 1130 1229 orationes
1145 1167 1203 1228 ubi
1217 1185 1274 1230 ac·

175 1264 245 1345 cipi
261 1263 393 1342 videre3
421 1281 543 1327 novam
564 1265 769 1345 rogationem
785 1264 1008 1350 promulgant,
1023 1271 1060 1329 ut
1078 1285 1139 1349 pro
1155 1268 1274 1330 deame

177 1363 256 1426 viris
281 1363 385 1426 sacris
409 1360 594 1426 faciundis¹
617 1363 798 1430 decemviri
820 1372 986 1443 creentur,
1008 1367 1058 1430 ita
1077 1375 1115 1430 ut
1131 1386 1209 1449 pars
1230 1387 1274 1432 ex

176 1462 287 1544 plebe,
300 1482 376 1546 pars
392 1482 436 1527 ex
451 1463 612 1528 Patribus
625 1465 698 1528 fiat:
719 1469 933 1547 omniumque
943 1485 1053 1530 earnm
1064 1471 1273 1550 rogationum

177 1566 313 1630 comitia
335 1567 369 1630 in
393 1567 571 1631 adventum
590 1567 665 1650 ejus
680 1569 850 1634 exercitus
868 1567 1036 1645 differunt,
1051 1572 1110 1652 qui
1124 1571 1273 1635 Velitras

177 1667 361 1732 obsidebat.

217 1767 271 1831 38.
294 1767 396 1832 Prius
411 1768 636 1834 circumactus
650 1777 702 1835 est
717 1789 839 1847 anuos,
860 1787 962 1853 quam
980 1789 1001 1834 a
1020 1770 1162 1836 Velitris
1177 1773 1273 1837 redu*

177 1877 329 1934 cereutur
350 1871 513 1952 legiones.
556 1870 613 1935 Ita
633 1891 801 1957 suspensa
822 1871 864 1936 de
885 1873 1017 1954 legibus
1039 1892 1093 1937 rea
1108 1873 1150 1936 ad
1166 1893 1273 1938 novos

176 1971 329 2034 tribunos
352 1971 494 2034 militum
524 1969 654 2036 dilata.5
700 1971 734 2036 N
737 1992 792 2036 um
821 1971 932 2054 plebis
955 1973 1103 2038 tribunos
1127 1973 1274 2049 eosdem3

178 2069 266 2134 duos
281 2071 407 2154 utiquc,
432 2070 537 2154 quia⁶
561 2072 671 2153 legum
686 2073 810 2137 latores
832 2079 936 2149 erant,
959 2074 1077 2155 plebes
1092 2073 1274 2138 reficiebat.

178 2171 316 2235 Tribuni
340 2171 481 2236 militum
504 2173 608 2236 creati
633 2173 674 2236 Τ.
699 2171 872 2251 Quintius,
898 2173 970 2236 Ser.
989 2170 1178 2251 cornelius,
1203 2174 1274 2238 Ser.
1398 2203 1405 2214 ·

178 2270 359 2353 Sulpicius,
374 2271 434 2354 Sp.
450 2271 624 2349 Servilius,
643 2272 682 2336 L.
697 2273 869 2356 Papirius,
885 2271 927 2338 L.
944 2271 1134 2337 Veturius*
1178 2274 1275 2337 Prin·

178 2371 269 2454 cipio
294 2373 408 2435 statim
435 2373 513 2436 anui
539 2372 584 2436 ad
614 2373 762 2437 ultimam
792 2373 1042 2438 dimicationem
1069 2373 1111 2438 de
1141 2374 1274 2456 legibus

177 2483 331 2537 ventum:
355 2480 401 2551 et,
428 2492 501 2538 cum
524 2475 631 2538 tribus
647 2482 857 2553 vocarentur,
878 2493 940 2539 nec
956 2475 1151 2540 intercessio
1176 2477 1275 2542 uolle²

179 2594 294 2656 garum
320 2575 485 2638 latoribus
508 2575 668 2652 obstaret,
696 2575 815 2657 trepidi
847 2575 967 2639 Patres
994 2577 1037 2640 ad
1065 2578 1131 2641 duo
1158 2578 1276 2642 ultima

178 2675 319 2752 auxilia,
336 2693 501 2738 summum
517 2675 691 2757 imperium
712 2695 946 2759 summumque
963 2676 1004 2739 ad
1020 2679 1141 2754 civem,
1157 2677 1275 2741 decur-

177 2781 265 2839 runt.
309 2775 517 2838 Dictaturam
532 2774 600 2838 dici
615 2775 738 2857 placet.
783 2776 918 2839 Dicitur
943 2776 994 2840 M.
1011 2777 1135 2841 Furius
1151 2778 1274 2842 Camil-

178 2875 244 2953 lus,
259 2876 317 2959 qui
330 2875 522 2956 magistrum
538 2877 688 2959 equitum
704 2876 743 2939 L.
760 2877 935 2940 AEmilium
951 2884 1101 2962 cooptat.
1145 2879 1273 2960 legum

178 2993 313 3060 quoque
329 2975 455 3040 latores
471 2977 631 3041 adversus
647 2984 775 3041 tantum
792 2983 991 3060 apparatum
1008 2977 1275 3050 adversariorum

179 3083 212 3140 et
236 3077 304 3158 ipsi
331 3097 467 3142 causam
492 3079 600 3161 plebis
625 3079 816 3160 ingentibus
843 3077 965 3141 animis
989 3085 1140 3141 armant:
1162 3081 1276 3142 conci·

179 3177 294 3258 licque
310 3177 415 3258 plebis
429 3178 578 3254 indicto:
599 3178 702 3242 tribus
726 3178 770 3243 ad
798 3177 991 3262 suffragium
1008 3187 1144 3242 vocent.
1188 3179 1274 3244 Cum

181 3274 337 3354 dictator,
364 3278 508 3361 stipatus
535 3279 665 3361 agmine
689 3280 919 3362 patriciorum,
951 3279 1068 3360 plenus
1090 3278 1152 3342 irae
1174 3282 1276 3344 mina·

180 3395 320 3458 rumque
334 3377 554 3457 consedisset,
570 3385 673 3461 atque
689 3384 838 3461 ageretur
852 3397 906 3441 res
921 3378 1025 3442 solito
1048 3380 1189 3460 primum
1205 3398 1276 3443 cer·

183 3477 306 3540 tamine
325 3479 414 3543 iuter
437 3499 473 3542 sc
497 3481 706 3545 tribunorum
730 3479 834 3564 plebi,
859 3479 1031 3552 ferentium
1054 3480 1160 3564 legem
1173 3481 1276 3545 inter·

214 3625 226 3650 ¹
241 3621 275 3669 Et
286 3623 390 3673 comitiis
400 3625 506 3676 tributis.

674 3705 783 3757 NOTAE

182 3781 263 3830 creati
275 3790 335 3833 snut
344 3791 465 3849 quatuor,
473 3798 581 3850 qnorum
589 3792 643 3836 tres
655 3787 709 3850 ple·
781 3785 788 3818 ¹
799 3787 851 3834 Pro
862 3787 993 3835 dramata
1000 3783 1212 3845 massmanno]
1231 3783 1276 3838 lli,

183 3851 243 3902 buli.
261 3855 347 3920 Supra
358 3860 448 3909 eodem
461 3861 507 3910 lib.
520 3875 578 3924 cup.
590 3867 631 3911 Μ.
750 3861 805 3910 sire
816 3861 938 3909 bactauus
948 3859 1077 3909 duumviri
1095 3860 1207 3922 patricii,
1222 3859 1278 3906 rire

214 3928 226 3962 ¹¹
244 3933 396 3984 Consulatum
403 3937 634 4001 supermeplebeitr]
644 3937 710 4002 Sup-
750 3943 844 4000 postea
859 3934 998 3984 decemviri
1015 3948 1047 3982 ex
1059 3938 1169 3996 utruque
1181 3945 1277 3996 genera

183 4009 453 4076 ple‚eupuguaudum,
463 4013 710 4077 seuadiplscanduru
750 4011 836 4073 mixti,
853 4009 977 4059 librorum
992 4007 1176 4070 Sibyllinorum
1192 4015 1277 4058 custo·

183 4098 199 4132 a
210 4084 331 4147 plebeiis,
341 4101 374 4136 ue
384 4089 468 4152 quain
482 4103 509 4138 re
518 4086 655 4138 inferiores
666 4103 711 4154 pn·
751 4088 808 4142 der,
818 4099 901 4149 saera,
911 4083 1013 4147 quoties
1026 4096 1089 4146 opus
1101 4091 1168 4144 erat,
1178 4099 1210 4133 ex
1222 4097 1278 4132 car·

184 4161 265 4211 tritiis
276 4162 432 4214 riderentur.
467 4165 534 4216 Nam
547 4163 711 4216 bactauoseu
750 4163 847 4214 minum
858 4160 959 4209 illorum
972 4161 1125 4224 praecripto
1135 4161 1274 4210 curabant.¹⁴

184 4235 234 4286 illis
246 4237 359 4302 dignitas
371 4241 498 4292 defuerat.
785 4237 800 4267 ⁶
818 4235 851 4286 Α.
861 4236 895 4287 U.
907 4235 937 4286 C.
947 4239 1004 4286 ³85.
