3150 4942
587 413 659 462 nra.
685 413 733 462 vr.
755 413 836 462 oar.
857 398 889 462 6.
1214 397 1280 463 937

189 554 307 620 bellici
328 555 458 618 terroris
476 555 616 636 ingruat,
637 555 671 620 iu
694 557 766 620 viro
781 575 847 620 uuo
870 574 964 619 esse:
988 555 1119 639 sibique
1132 555 1281 621 destina·

189 662 256 718 tum
273 657 305 718 in
318 655 425 718 animo
440 674 527 732 esse,
537 654 681 720 Camillo
693 659 892 721 summittere
903 656 1094 740 imperium:
1111 674 1173 720 nec
1187 659 1282 739 quic·

192 774 292 837 quam
308 755 349 817 de
364 753 536 837 majestate
552 775 613 819 sna
628 756 812 820 detractum
835 755 979 835 credere,
1000 758 1089 841 quod
1113 757 1282 842 majestati

191 855 264 937 ejus
278 856 336 918 viri
347 863 371 904 ¹⁹
386 855 671 920 concessissent*
715 855 925 922 Collaudatis
940 858 984 922 ab
999 865 1116 923 senatu
1130 859 1282 938 tribunis,

120 1023 126 1030 ,
191 956 311 1038 etipse
328 954 500 1033 Camillus,
522 957 681 1022 confusus
704 959 826 1034 auimo,
851 960 976 1040 gratim
998 961 1073 1041 egit.
1118 958 1284 1041 ‘lugens'

191 1057 266 1121 inde
281 1059 339 1133 ait,
355 1061 366 1091 ‘
382 1075 467 1120 onus
483 1061 644 1141 apopnlo
660 1058 816 1124 Romano
830 1059 907 1136 sibi,
922 1061 982 1142 qui
998 1080 1035 1122 se
1051 1058 1284 1123 dictatorem¹⁰

185 1159 257 1242 jam
273 1165 427 1242 quartum
444 1166 611 1235 creasset,⁸
622 1178 776 1242 maguum
793 1177 816 1220 a
829 1164 945 1222 senatu
956 1159 1080 1224 talibus
1095 1159 1136 1222 de
1150 1178 1186 1222 se
1196 1161 1285 1244 Judi·

192 1259 255 1322 ciis
278 1260 351 1343 ejus
374 1259 511 1335 ordinis,
526 1259 709 1324 maximnm
732 1265 800 1323 tam
822 1257 1057 1323 bonoratorum
1081 1258 1285 1342 collegarum

193 1359 381 1440 obsequio¹
398 1357 536 1442 injungi.
581 1357 703 1440 Itaque
728 1359 757 1421 si
781 1358 861 1440 quid
887 1357 1014 1422 laboris
1032 1359 1285 1443 vigiliarumque

193 1458 297 1542 adjici
321 1461 445 1541 possit,
465 1463 642 1522 certantem
663 1477 777 1522 secum
800 1459 912 1540 ipsum
927 1461 1128 1537 amisorum,
1142 1467 1180 1524 nt
1193 1469 1287 1525 tauto

194 1559 235 1623 de
251 1580 287 1624 se
302 1559 624 1624 consensu-civitatis
639 1559 840 1642 opinionem,
856 1577 931 1642 quaa
952 1561 1099 1624 maxima
1113 1560 1169 1638 ait,
1185 1561 1286 1625 etiam

195 1669 402 1726 constantem
419 1658 550 1724 efficiat.
596 1659 698 1737 Quod
714 1660 759 1723 ad
778 1660 905 1723 bellum
919 1667 1022 1742 atque
1037 1659 1193 1725 Antiates
1207 1662 1288 1725 atti·

194 1770 283 1837 neat,
298 1762 374 1842 plus
390 1761 436 1824 ibi
453 1761 628 1835 minarum,
642 1778 743 1842 quum
757 1759 906 1842 periculi,
921 1778 1008 1822 esse.
1051 1761 1098 1824 Se
1114 1768 1235 1838 umen,
1248 1764 1288 1825 nt

194 1861 275 1926 nihil
292 1860 437 1935 timendi,
448 1861 497 1924 sic
512 1859 592 1923 nibil
607 1859 843 1924 contemnendi
856 1866 1023 1924 auctorem
1033 1879 1120 1923 esse.
1141 1860 1290 1924 Circum·

194 1961 304 2026 sederi
321 1962 433 2024 urbem
447 1959 634 2024 Romanam
649 1961 692 2024 ab
708 1959 835 2023 invidia
845 1966 879 2023 et
889 1960 969 2023 odio
981 1959 1209 2024 finitimorum:
1226 1963 1289 2024 ita·

196 2082 262 2146 que
277 2069 312 2126 et
321 2061 465 2125 ducibus
481 2061 633 2143 pluribus
647 2069 682 2123 et
695 2060 897 2124 exercitibus
909 2061 1200 2124 administrandam
1220 2079 1291 2124 rem

196 2163 362 2246 publicam
374 2169 474 2226 esse.²
496 2158 571 2236 Te,'
581 2162 698 2243 inquit,
711 2165 721 2194 ‘
732 2160 774 2223 P.
784 2159 915 2237 Valeri,
926 2161 1055 2225 socium
1064 2159 1196 2241 imperii
1208 2179 1291 2224 con·

198 2263 340 2345 sibique,
354 2262 502 2343 legiones
517 2280 649 2324 mecum
663 2259 824 2324 adversus
838 2257 1006 2323 Antiatem
1021 2257 1291 2324 hostem'ducere

197 2364 324 2445 placet:
347 2367 390 2432 te,
407 2360 450 2439 Q.
466 2360 597 2437 Servili,
620 2359 726 2424 altero
749 2359 903 2423 exercitu
918 2359 1082 2423 instructo
1096 2366 1291 2442 paratoque,

195 2465 231 2526 iu
246 2463 325 2526 urbe
341 2471 454 2527 castra
469 2460 611 2539 babere;
635 2460 793 2522 intentum
809 2459 883 2521 sive
901 2457 1030 2522 Etruria
1045 2477 1084 2522 se
1098 2459 1238 2537 interim,
1252 2467 1292 2526 ut

196 2582 314 2646 nuper,
330 2561 401 2624 sive
415 2579 501 2623 nova
515 2561 588 2624 baec
605 2578 697 2635 cura,
710 2557 820 2622 Iratim
835 2563 937 2640 atque
950 2557 1102 2633 Hernici,
1117 2559 1292 2624 moverint.

198 2663 265 2727 Pro
286 2668 375 2727 certo
397 2661 517 2737 babeo,
542 2660 600 2723 ita·
614 2679 681 2724 rem
700 2663 878 2738 gesturum,
894 2665 928 2722 ut
947 2663 1052 2739 patre,
1078 2659 1168 2735 avo,t
1190 2666 1292 2741 teque

197 2765 273 2845 ipso
289 2783 328 2828 ac
346 2781 405 2826 sex
422 2759 643 2825 tribunatibus
658 2759 793 2840 dignum
807 2766 870 2821 est.
914 2758 1050 2821 Tertius
1065 2759 1232 2822 exercitus
1246 2779 1292 2822 ex

200 2864 363 2928 causariis
379 2861 633 2944 senioribusque
644 2869 658 2896 ¹²
674 2879 694 2923 a
709 2858 749 2923 L.
764 2859 906 2936 Quintio
929 2859 1106 2937 scribatur,
1126 2860 1183 2942 qni
1207 2859 1292 2924 Urbi

654 3036 838 3058 “neuneu

234 3176 265 3221 18
281 3169 359 3234 ang.
373 3169 522 3229 incestatur
540 3183 608 3219 sarm
626 3168 793 3218 misisse-19
816 3167 871 3215 Pro
880 3165 928 3214 oiri
938 3163 1004 3226 legit
1015 3164 1079 3214 Tau.
1093 3164 1177 3213 Faber
1188 3164 1294 3214 altre.—

199 3239 232 3283 20
250 3233 325 3297 Oeuj.
344 3233 442 3282 Strotb.
460 3233 634 3296 imperatorem.
667 3231 801 3294 Improbat
813 3231 983 3291 licerium-l
1001 3229 1059 3276 Ver.
1069 3228 1115 3277 lib.
1123 3228 1193 3292 apud
1204 3229 1293 3291 Sigon.

199 3305 249 3347 tera
271 3297 383 3347 ammte
402 3299 543 3358 weuram
561 3297 724 3359 obsequie-2
741 3294 834 3343 ‘vett
850 3293 913 3342 libb.
926 3291 1138 3340 mutandum
1153 3307 1225 3353 remp.
1237 3307 1295 3353 epus

200 3377 266 3412 esst:
285 3376 317 3412 aa
328 3375 379 3425 quo
394 3359 510 3410 intellexi
526 3357 674 3424 legendum,
690 3360 721 3408 nd
731 3356 944 3406 munnam
958 3368 1031 3416 τωρ.
1045 3368 1103 3417 opas
1118 3354 1185 3403 aare!
1204 3356 1294 3419 Sigen.
1382 3427 1387 3436 .

696 3507 806 3564 NOTAE

234 3629 325 3687 'Quod
340 3627 460 3688 anenata·
474 3627 524 3689 ejas
538 3626 587 3676 siri
601 3625 727 3675 commme-
767 3625 830 3674 lium
846 3623 964 3672 Priscum
975 3621 1016 3672 bis
1033 3619 1198 3679 dictatorern,
1209 3633 1224 3667 a
1235 3631 1295 3683 eap-

200 3705 265 3770 oest]
281 3704 358 3769 Legit
368 3705 431 3752 altre
442 3717 489 3766 pro
500 3701 548 3751 es'ra‘
557 3701 620 3750 Tan.
637 3700 730 3763 Faber,
769 3699 804 3748 tia
815 3697 919 3748 Fidenis
928 3710 1070 3761 cognomen
1077 3694 1209 3744 Fidenatis
1218 3693 1297 3757 adep·

201 3781 270 3848 qnod
282 3795 330 3830 uec
341 3779 442 3842 respuit
453 3791 552 3832 aeneus.
564 3791 612 3826 uec
624 3776 713 3839 exigit.
770 3781 841 3833 tum,
858 3787 932 3822 arum
942 3780 1029 3821 antem
1041 3771 1073 3819 P.
1079 3769 1215 3819 Servilium
1226 3769 1298 3818 Pris-

233 3852 475 3914 wouterman
490 3857 600 3916 qaenam
619 3849 731 3912 ereum]
771 3862 830 3897 cunr
842 3846 986 3911 quicousul
999 3843 1204 3893 t'neratau.291.

202 3931 298 3982 Oblata
308 3930 412 3996 quidem
428 3929 452 3976 ei
463 3941 531 3978 unns
542 3934 582 3976 est
592 3926 732 3995 dictatura,
804 3928 815 3953 ¹
834 3920 995 3969 &candia
1002 3915 1187 3979 meritasque]
1204 3915 1255 3968 Qui
1264 3932 1297 3966 ex

200 4007 247 4056 sed
255 4020 305 4054 nou
315 4003 465 4064 delata,aut
473 4010 605 4051 cartonen
614 3999 733 4048 admissa.
772 4009 849 4046 causa
860 3993 1014 4044 ualetudinis
1027 3993 1108 4039 miuus
1118 4005 1250 4055 prosperae
1259 3989 1297 4040 dl·

233 4081 241 4112 2
259 4077 343 4141 Putre,
354 4091 407 4139 nce,
418 4075 472 4139 bu]
498 4075 550 4124 llic
566 4075 599 4127 Q.
610 4073 731 4124 Servilius
773 4073 841 4121 missi
853 4070 967 4119 amititia
978 4073 1063 4128 eraut,
1074 4066 1229 4116 dicebantur
1239 4080 1299 4114 cau·

202 4153 306 4204 Priscus
318 4152 440 4213 Fidenas,
455 4163 522 4199 nuuc
535 4149 653 4199 tribuous
666 4147 732 4196 mill·
772 4145 847 4203 sarii;
863 4157 945 4207 eaque
956 4141 1043 4190 missio
1052 4141 1184 4191 canusia:
1202 4138 1235 4188 ad
1246 4140 1298 4188 dia·

204 4238 258 4279 tum
279 4243 317 4278 vr.
338 4234 437 4292 patrem
455 4225 584 4275 babuerat
602 4222 732 4277 inservi·
772 4221 872 4270 crimeu
889 4225 944 4268 tum
962 4216 1077 4268 honesta
1095 4215 1298 4279 misaiouia,qua

268 4307 391 4371 nepae
407 4303 541 4356 umen.
707 4299 799 4352 nram
1185 4291 1234 4341 ss
