3150 4942
294 416 382 483 1162
664 435 682 473 .'
762 426 920 475 univit
967 436 1023 466 ··r

291 577 356 641 bus
371 573 414 637 ad
431 590 512 637 snos
528 570 636 637 nuntii
649 570 744 638 missi
759 574 855 635 sunt:
876 572 1047 653 pactoque
1069 566 1178 633 reditu
1193 568 1393 652 promissum

293 682 356 750 est,
369 679 557 756 regemunt
569 673 697 749 virum,
709 680 766 737 aut
782 676 958 748 mortuum,
970 671 1006 733 in
1021 675 1225 753 potestatem
1242 671 1400 737 daturos.

294 776 449 843 Ceterum
475 794 551 841 cum
577 773 715 839 delectis
745 774 833 856 ipse,
853 772 1021 855 egregium
1043 771 1176 837 facinus
1195 790 1315 851 ausus,
1337 794 1402 857 per

292 878 420 943 medios
431 877 577 959 erumpit
590 875 719 950 hostes,
734 883 769 940 et
783 875 904 940 ducem
918 874 1131 939 Lucanorum
1147 873 1299 939 cominus
1314 894 1400 938 con-

292 998 442 1061 gressum
458 966 651 1041 obtruncat:
674 974 947 1059 contrahensque
962 994 1045 1038 suos
1069 994 1115 1037 ex
1139 974 1222 1056 luga
1245 976 1399 1058 palatos,

291 1078 499 1164 pervenitad
515 1096 657 1153 amnem,
665 1076 769 1141 ruinis
784 1077 972 1141 recentibus
986 1077 1112 1158 pontis,
1122 1096 1220 1159 quem
1231 1078 1284 1141 ris
1295 1096 1401 1161 aqum

292 1179 491 1255 abstulerat,
517 1178 742 1242 indicantem³
766 1178 856 1241 iter.⁸
909 1174 1022 1255 Quem
1046 1196 1122 1241 cum
1151 1177 1278 1240 incerto
1307 1177 1403 1241 rado

291 1280 447 1347 transiret
469 1298 600 1360 agmen,
622 1277 734 1341 fessus
758 1284 851 1343 metu
876 1296 918 1343 ac
939 1278 1055 1343 laboro
1081 1276 1192 1353 miles,
1217 1278 1401 1359 increpans

291 1401 413 1449 nomen
438 1378 700 1446 abominandum
724 1377 884 1451 fluminis,
906 1379 1011 1445 ‘Jure
1029 1379 1188 1448 Acheros
1214 1380 1402 1455 vocaria’·

291 1482 414 1566 inquit.
459 1479 565 1558 Quod
577 1480 637 1543 ubi
661 1479 705 1544 ad
729 1498 830 1543 aures
851 1478 977 1545 accidit
992 1482 1090 1563 regis,
1113 1479 1241 1563 adjecit
1268 1488 1402 1545 extem·

291 1582 352 1666 plo
372 1584 519 1648 auimum
546 1580 627 1645 latis
649 1582 744 1661 suis;
766 1580 986 1663 substititque
1009 1582 1145 1659 dubius,
1167 1601 1212 1646 an
1234 1584 1402 1647 baum

291 1684 380 1755 Tum
393 1681 543 1746 Sotimus
558 1682 707 1747 minister
722 1701 768 1745 ex
784 1683 885 1763 regiis
900 1684 1025 1766 pueris,
1049 1684 1152 1768 ‘quid
1167 1684 1200 1747 in
1215 1692 1311 1747 tauto
1326 1683 1399 1747 dis-

291 1784 429 1852 crimine
442 1782 588 1865 periculi
603 1781 826 1851 cunctaretur'
847 1786 1066 1866 interrogans,
1081 1786 1222 1859 iudicat,
1237 1784 1400 1849 Lucanos

292 1886 426 1952 insidiis
457 1902 608 1968 quaerere
636 1884 760 1948 locum.
805 1883 902 1964 Quos
926 1887 986 1950 ubi
1014 1889 1168 1969 respexit
1191 1904 1249 1950 rex
1276 1888 1400 1968 procul

291 2006 389 2069 grege
403 1985 496 2051 iacto
512 1986 693 2062 uenientes,
714 1985 846 2069 stringit
865 1987 1025 2069 gladium,
1040 1995 1073 2052 et
1088 2008 1147 2071 per
1160 1988 1309 2056 medium
1323 2007 1398 2053 anr-

290 2110 366 2154 nem
381 2087 576 2155 transmittit
588 2106 722 2171 equum.
763 2086 1097 2175 'Jamqueiuvadum
1122 2108 1290 2170 egressum
1312 2090 1399 2153 cmi·

290 2208 353 2255 nus
379 2196 494 2253 remto
520 2188 681 2251 Lucanus
706 2188 787 2249 exul
818 2189 995 2268 transfigit.
1038 2188 1185 2269 lapsum
1213 2186 1292 2251 inde
1318 2207 1397 2252 cum

290 2291 473 2357 iubaereute
499 2287 570 2350 telo
598 2305 723 2368 corpus
738 2286 895 2350 exanime
909 2286 1032 2351 detulit
1051 2287 1162 2352 amuis
1188 2289 1222 2352 in
1245 2288 1398 2353 bostium

289 2390 461 2475 praesidia.
505 2386 560 2451 Ibi
586 2386 681 2451 foeda
705 2388 870 2453 laceratio
897 2388 1048 2472 corporis
1072 2389 1175 2453 facta.
1221 2389 1394 2473 Namque,

290 2490 461 2576 praeciso⁴
482 2486 621 2565 medio:
643 2496 772 2571 partem
796 2488 1013 2555 Consentiam
1040 2489 1182 2555 misere:
1207 2512 1285 2574 pars
1306 2492 1395 2574 ipsis

289 2595 419 2659 retenta
433 2589 476 2653 ad
490 2586 684 2651 ludibrium.
728 2589 817 2667 Quae
838 2610 915 2655 curu
934 2590 1063 2673 jaculis
1091 2593 1256 2675 saxisque
1272 2593 1394 2674 procul

289 2694 519 2765 incesseretur,
532 2686 738 2768 mulieruna,
762 2692 847 2757 ultra
868 2690 1087 2756 humanarum
1102 2694 1225 2758 irarum
1249 2688 1393 2758 tidem⁵i

290 2792 442 2859 saevienti
458 2790 562 2854 turbae
578 2789 757 2872 immixta,⁶
777 2800 815 2859 ut
827 2813 1009 2878 parumper
1024 2795 1227 2859 sustinerent
1242 2800 1393 2878 precata,

321 2956 333 2981 ¹
351 2950 410 2999 Cum
421 2950 523 3000 medium
534 2964 617 3013 corpur
627 2949 763 3001 semiruta.

321 3012 334 3046 ³
350 3014 521 3065 Crudelitatem
530 3016 693 3065 exercentibus
704 3016 768 3065 ultro
775 3030 845 3080 Μ
851 3014 963 3066 credibile
973 3017 1083 3067 uideatur
1093 3017 1213 3066 beurim
1222 3018 1284 3067 imi
1294 3015 1393 3067 matt

179 3090 363 3141 ,porse

749 3155 929 3179 mlh&

247 3270 251 3279 ·
289 3250 405 3301 Gronov.
416 3254 527 3319 Duujet.
539 3252 657 3302 Crevier.
668 3252 759 3302 all-b
777 3254 786 3281 ‘
798 3254 881 3303 Immo
889 3263 1016 3317 negantem
1027 3264 1072 3307 rut
1082 3260 1243 3319 denegamus
1260 3259 1305 3309 Sic
1316 3257 1393 3322 lege’

289 3316 347 3364 Tea·
361 3316 448 3367 Faber.
476 3318 655 3367 ‘iudicantem
674 3318 748 3367 Beue
762 3331 791 3367 re
810 3320 891 3369 babet
906 3320 964 3369 brec
977 3322 1066 3380 lectio,
1079 3336 1154 3384 quam
1167 3321 1265 3372 frustra
1277 3324 1392 3372 tentarit

287 3378 356 3427 Tan.
369 3380 465 3442 Faber,
476 3382 587 3431 novandi
605 3381 707 3444 pruritu
718 3396 790 3445 rape
801 3388 884 3438 uetur,
895 3384 941 3432 red
953 3384 1001 3444 ita,
1015 3393 1043 3434 ut
1061 3400 1119 3435 roro
1138 3384 1252 3436 feliciter
1268 3386 1391 3437 emenda·

288 3443 348 3490 ret·⁹
368 3442 510 3495 Stroth-⁴
532 3446 656 3506 Perseius
674 3446 743 3509 conj.
761 3444 868 3495 Wakef.
885 3446 919 3495 ed
939 3447 1050 3498 Lucret.
1068 3462 1112 3499 rrr.
1130 3454 1236 3500 oto-t
1252 3451 1391 3500 ‘blslebet

288 3504 508 3559 Genaunes.
516 3509 608 3573 flerem
629 3508 674 3559 red
694 3512 781 3574 aptior
800 3510 937 3585 veriorque
954 3520 996 3564 ert
1015 3514 1095 3565 lectio
1112 3515 1236 3579 vulgate!
1252 3516 1390 3579 Refert.-

782 3622 890 3673 NOTAE

286 3712 389 3763 πόληος
405 3710 477 3763 dictu
495 3716 600 3765 oraculo
617 3716 686 3780 apud
708 3717 815 3768 Strabo·
856 3720 954 3771 dictum
969 3722 1067 3785 roluut,
1082 3724 1154 3789 queri
1170 3724 1221 3786 ἄχη
1235 3722 1331 3787 lbera,
1341 3722 1389 3771 do·

286 3802 355 3846 nem,
364 3790 436 3853 queri
448 3788 565 3839 tricollis.
856 3795 953 3845 loribus
964 3794 1097 3859 liuentem,
1109 3799 1150 3848 vel
1161 3799 1225 3860 rupe
1236 3800 1265 3848 rb
1274 3800 1389 3863 inrepit·

318 3871 331 3907 t
349 3864 496 3914 ladmonem
506 3864 566 3929 iter]
583 3865 667 3914 Immo
681 3872 816 3934 segentem,
855 3873 894 3922 θω
903 3872 991 3935 χαρᾶς.
1000 3873 1068 3935 quod
1079 3873 1175 3935 gaudio
1185 3883 1286 3925 careat.

287 3945 332 3987 eut
342 3940 505 4003 denegantem,
517 3940 555 3989 eit
566 3940 632 3991 Ten.
647 3940 739 3991 Faber.
763 3942 815 3992 lm·
888 3944 895 3978 ¹
923 3947 995 3995 Ultro
1014 3947 1169 3999 lumem
1189 3950 1280 4000 mmm
1293 3950 1385 4017 fidens]

286 4026 328 4062 mo
349 4014 503 4076 iudiearem,
520 4016 560 4065 aio
579 4031 629 4081 ego
649 4030 707 4068 eum
730 4016 815 4070 livio.
856 4018 981 4070 Placeret
1006 4020 1131 4073 Grouorii
1159 4027 1300 4091 correctio,
1321 4028 1387 4077 nitu

286 4085 341 4135 Per
362 4088 448 4137 rutum
468 4089 536 4139 euim
552 4099 580 4141 et
600 4092 708 4157 vestigia
729 4095 817 4159 pentir
855 4095 1010 4146 imm
1026 4097 1118 4148 irem
1128 4099 1215 4164 fiuent,
1230 4103 1254 4152 si
1272 4104 1385 4167 scriptos

288 4163 515 4228 cognosciturque
527 4166 694 4218 riteuudnm.
855 4171 1231 4239 utquisubermtfngeretur.

319 4233 331 4269 ¹
348 4236 409 4288 tm
420 4237 524 4289 Aetam
533 4242 637 4305 mir]
663 4242 816 4295 Acheronte
