<?xml version="1.0" encoding="UTF-8"?>
<!DOCTYPE html PUBLIC "-//W3C//DTD XHTML 1.0 Transitional//EN"
    "http://www.w3.org/TR/xhtml1/DTD/xhtml1-transitional.dtd">
<html xmlns="http://www.w3.org/1999/xhtml" xml:lang="en" lang="en">
 <head>
  <title>
</title>
<meta http-equiv="Content-Type" content="text/html;charset=utf-8" />
  <meta name='ocr-system' content='tesseract 3.04.00' />
  <meta name='ocr-capabilities' content='ocr_page ocr_carea ocr_par ocr_line ocrx_word'/>
</head>
<body>
  <div class='ocr_page' id='page_1' title='image "./tliviipatavinih06rupegoog/tliviipatavinih06rupegoog_0094.png"; bbox 0 0 3150 4942; ppageno 0'>
   <div class='ocr_carea' id='block_1_1' title="bbox 266 351 883 418">
    <p class='ocr_par' dir='ltr' id='par_1_1' title="bbox 266 351 883 418">
     <span class='ocr_line' id='line_1_1' title="bbox 266 351 883 418; baseline -0.01 -3"><span class='ocrx_word' id='word_1_1' title='bbox 266 351 352 418; x_wconf 80' lang='lat'>1008</span> <span class='ocrx_word' id='word_1_2' title='bbox 728 363 761 410; x_wconf 80' lang='lat' dir='ltr'><strong>n.</strong></span> <span class='ocrx_word' id='word_1_3' title='bbox 786 361 883 411; x_wconf 79' lang='lat' dir='ltr'><strong>utun</strong></span> 
     </span>
    </p>
   </div>
   <div class='ocr_carea' id='block_1_2' title="bbox 266 503 1361 790">
    <p class='ocr_par' dir='ltr' id='par_1_2' title="bbox 266 503 1361 790">
     <span class='ocr_line' id='line_1_2' title="bbox 267 503 1359 589; baseline 0 -17"><span class='ocrx_word' id='word_1_4' title='bbox 267 505 448 573; x_wconf 89' lang='lat' dir='ltr'><strong>dummodo</strong></span> <span class='ocrx_word' id='word_1_5' title='bbox 471 503 571 569; x_wconf 86' lang='lat' dir='ltr'><strong>homo</strong></span> <span class='ocrx_word' id='word_1_6' title='bbox 592 505 648 583; x_wconf 91' lang='lat' dir='ltr'><strong>sit,</strong></span> <span class='ocrx_word' id='word_1_7' title='bbox 671 505 900 588; x_wconf 81' lang='lat' dir='ltr'><strong>imponamus:</strong></span> <span class='ocrx_word' id='word_1_8' title='bbox 923 505 1091 570; x_wconf 70' lang='lat' dir='ltr'><strong>tradam</strong></span> <span class='ocrx_word' id='word_1_9' title='bbox 1106 506 1238 585; x_wconf 85' lang='lat' dir='ltr'><strong>ancilia,</strong></span> <span class='ocrx_word' id='word_1_10' title='bbox 1253 517 1359 589; x_wconf 61' lang='lat' dir='ltr'><strong>penez</strong></span> 
     </span>
     <span class='ocr_line' id='line_1_3' title="bbox 267 604 1361 689; baseline -0.003 -15"><span class='ocrx_word' id='word_1_11' title='bbox 267 607 376 684; x_wconf 87' lang='lat' dir='ltr'><strong>tralia,</strong></span> <span class='ocrx_word' id='word_1_12' title='bbox 400 607 507 682; x_wconf 83' lang='lat' dir='ltr'><strong>Deos,</strong></span> <span class='ocrx_word' id='word_1_13' title='bbox 530 605 743 689; x_wconf 85' lang='lat' dir='ltr'><strong>Deorumque</strong></span> <span class='ocrx_word' id='word_1_14' title='bbox 765 624 890 682; x_wconf 78' lang='lat' dir='ltr'><strong>summ,</strong></span> <span class='ocrx_word' id='word_1_15' title='bbox 910 606 1035 689; x_wconf 80' lang='lat' dir='ltr'><strong>quibus</strong></span> <span class='ocrx_word' id='word_1_16' title='bbox 1052 604 1147 669; x_wconf 83' lang='lat' dir='ltr'><strong>nasas</strong></span> <span class='ocrx_word' id='word_1_17' title='bbox 1171 615 1233 671; x_wconf 87' lang='lat' dir='ltr'><strong>est.</strong></span> <span class='ocrx_word' id='word_1_18' title='bbox 1277 607 1361 671; x_wconf 89' lang='lat' dir='ltr'><strong>Non</strong></span> 
     </span>
     <span class='ocr_line' id='line_1_4' title="bbox 266 706 1360 790; baseline -0.002 -16"><span class='ocrx_word' id='word_1_19' title='bbox 266 711 358 790; x_wconf 85' lang='lat' dir='ltr'><strong>leges</strong></span> <span class='ocrx_word' id='word_1_20' title='bbox 385 706 564 790; x_wconf 84' lang='lat' dir='ltr'><strong>auspicato</strong></span> <span class='ocrx_word' id='word_1_21' title='bbox 592 707 746 781; x_wconf 82' lang='lat' dir='ltr'><strong>ferantur,</strong></span> <span class='ocrx_word' id='word_1_22' title='bbox 775 725 841 770; x_wconf 90' lang='lat' dir='ltr'><strong>non</strong></span> <span class='ocrx_word' id='word_1_23' title='bbox 865 707 1078 788; x_wconf 72' lang='lat' dir='ltr'><strong>magistratus</strong></span> <span class='ocrx_word' id='word_1_24' title='bbox 1100 716 1270 771; x_wconf 82' lang='lat' dir='ltr'><strong>creentur:</strong></span> <span class='ocrx_word' id='word_1_25' title='bbox 1292 727 1360 773; x_wconf 87' lang='lat' dir='ltr'><strong>nee</strong></span> 
     </span>
    </p>
   </div>
   <div class='ocr_carea' id='block_1_3' title="bbox 260 805 1379 2491">
    <p class='ocr_par' dir='ltr' id='par_1_3' title="bbox 260 805 1379 1676">
     <span class='ocr_line' id='line_1_5' title="bbox 267 805 1361 874; baseline -0.002 0"><span class='ocrx_word' id='word_1_26' title='bbox 267 808 455 874; x_wconf 84' lang='lat' dir='ltr'><strong>centuriatis</strong></span> <span class='ocrx_word' id='word_1_27' title='bbox 480 826 539 870; x_wconf 87' lang='lat' dir='ltr'><strong>neo</strong></span> <span class='ocrx_word' id='word_1_28' title='bbox 566 807 703 871; x_wconf 88' lang='lat' dir='ltr'><strong>curiatis</strong></span> <span class='ocrx_word' id='word_1_29' title='bbox 716 813 743 853; x_wconf 83' lang='lat'><strong>¹⁴</strong></span> <span class='ocrx_word' id='word_1_30' title='bbox 765 807 910 871; x_wconf 87' lang='lat' dir='ltr'><strong>comitiis</strong></span> <span class='ocrx_word' id='word_1_31' title='bbox 932 806 1054 870; x_wconf 86' lang='lat' dir='ltr'><strong>Patres</strong></span> <span class='ocrx_word' id='word_1_32' title='bbox 1077 811 1235 871; x_wconf 81' lang='lat' dir='ltr'><strong>auctores</strong></span> <span class='ocrx_word' id='word_1_33' title='bbox 1249 805 1361 873; x_wconf 75' lang='lat' dir='ltr'><strong>liunt.⁰</strong></span> 
     </span>
     <span class='ocr_line' id='line_1_6' title="bbox 266 906 1366 991; baseline -0.002 -17"><span class='ocrx_word' id='word_1_34' title='bbox 266 909 405 974; x_wconf 88' lang='lat' dir='ltr'><strong>Sextius</strong></span> <span class='ocrx_word' id='word_1_35' title='bbox 420 916 452 971; x_wconf 89' lang='lat' dir='ltr'><strong>et</strong></span> <span class='ocrx_word' id='word_1_36' title='bbox 467 907 630 984; x_wconf 89' lang='lat' dir='ltr'><strong>Licinius,</strong></span> <span class='ocrx_word' id='word_1_37' title='bbox 646 914 802 991; x_wconf 88' lang='lat' dir='ltr'><strong>tanquam</strong></span> <span class='ocrx_word' id='word_1_38' title='bbox 818 906 984 971; x_wconf 83' lang='lat' dir='ltr'><strong>Romulus</strong></span> <span class='ocrx_word' id='word_1_39' title='bbox 1007 926 1049 970; x_wconf 91' lang='lat' dir='ltr'><strong>ao</strong></span> <span class='ocrx_word' id='word_1_40' title='bbox 1070 906 1199 984; x_wconf 85' lang='lat' dir='ltr'><strong>Tatius,</strong></span> <span class='ocrx_word' id='word_1_41' title='bbox 1219 907 1256 970; x_wconf 92' lang='lat' dir='ltr'><strong>in</strong></span> <span class='ocrx_word' id='word_1_42' title='bbox 1275 910 1366 990; x_wconf 28' lang='lat' dir='ltr'><strong>urbe,</strong></span> 
     </span>
     <span class='ocr_line' id='line_1_7' title="bbox 266 1007 1358 1092; baseline -0.003 -18"><span class='ocrx_word' id='word_1_43' title='bbox 266 1009 425 1074; x_wconf 84' lang='lat' dir='ltr'><strong>Romana</strong></span> <span class='ocrx_word' id='word_1_44' title='bbox 440 1015 589 1092; x_wconf 86' lang='lat' dir='ltr'><strong>regnent,</strong></span> <span class='ocrx_word' id='word_1_45' title='bbox 605 1010 684 1090; x_wconf 89' lang='lat' dir='ltr'><strong>quia</strong></span> <span class='ocrx_word' id='word_1_46' title='bbox 699 1009 858 1090; x_wconf 76' lang='lat' dir='ltr'><strong>peoumas</strong></span> <span class='ocrx_word' id='word_1_47' title='bbox 880 1007 1020 1080; x_wconf 85' lang='lat' dir='ltr'><strong>alienas,</strong></span> <span class='ocrx_word' id='word_1_48' title='bbox 1042 1007 1122 1089; x_wconf 86' lang='lat' dir='ltr'><strong>quia</strong></span> <span class='ocrx_word' id='word_1_49' title='bbox 1143 1025 1244 1088; x_wconf 89' lang='lat' dir='ltr'><strong>agros</strong></span> <span class='ocrx_word' id='word_1_50' title='bbox 1266 1007 1358 1072; x_wconf 92' lang='lat' dir='ltr'><strong>dono</strong></span> 
     </span>
     <span class='ocr_line' id='line_1_8' title="bbox 266 1107 1379 1190; baseline -0.002 -16"><span class='ocrx_word' id='word_1_51' title='bbox 266 1111 356 1174; x_wconf 89' lang='lat' dir='ltr'><strong>dant.</strong></span> <span class='ocrx_word' id='word_1_52' title='bbox 399 1110 510 1174; x_wconf 86' lang='lat' dir='ltr'><strong>Tanta</strong></span> <span class='ocrx_word' id='word_1_53' title='bbox 523 1110 661 1174; x_wconf 83' lang='lat' dir='ltr'><strong>dulcedo</strong></span> <span class='ocrx_word' id='word_1_54' title='bbox 677 1117 731 1172; x_wconf 85' lang='lat' dir='ltr'><strong>est</strong></span> <span class='ocrx_word' id='word_1_55' title='bbox 745 1127 791 1172; x_wconf 84' lang='lat' dir='ltr'><strong>ex</strong></span> <span class='ocrx_word' id='word_1_56' title='bbox 803 1109 921 1173; x_wconf 88' lang='lat' dir='ltr'><strong>alienis</strong></span> <span class='ocrx_word' id='word_1_57' title='bbox 935 1107 1076 1172; x_wconf 80' lang='lat' dir='ltr'><strong>fortunis</strong></span> <span class='ocrx_word' id='word_1_58' title='bbox 1088 1107 1279 1190; x_wconf 78' lang='lat' dir='ltr'><strong>praedandi:</strong></span> <span class='ocrx_word' id='word_1_59' title='bbox 1293 1126 1359 1172; x_wconf 87' lang='lat' dir='ltr'><strong>neo</strong></span> <span class='ocrx_word' id='word_1_60' title='bbox 1375 1138 1379 1142; x_wconf 96' lang='lat'>·</span> 
     </span>
     <span class='ocr_line' id='line_1_9' title="bbox 264 1207 1358 1291; baseline -0.004 -17"><span class='ocrx_word' id='word_1_61' title='bbox 264 1211 301 1274; x_wconf 89' lang='lat' dir='ltr'><strong>in</strong></span> <span class='ocrx_word' id='word_1_62' title='bbox 315 1215 458 1275; x_wconf 85' lang='lat' dir='ltr'><strong>mentem</strong></span> <span class='ocrx_word' id='word_1_63' title='bbox 470 1211 571 1288; x_wconf 85' lang='lat' dir='ltr'><strong>venit,</strong></span> <span class='ocrx_word' id='word_1_64' title='bbox 588 1210 691 1274; x_wconf 86' lang='lat' dir='ltr'><strong>altera</strong></span> <span class='ocrx_word' id='word_1_65' title='bbox 702 1209 775 1291; x_wconf 86' lang='lat' dir='ltr'><strong>lege</strong></span> <span class='ocrx_word' id='word_1_66' title='bbox 797 1207 992 1272; x_wconf 80' lang='lat' dir='ltr'><strong>solitudines</strong></span> <span class='ocrx_word' id='word_1_67' title='bbox 1009 1213 1123 1272; x_wconf 81' lang='lat' dir='ltr'><strong>vastas</strong></span> <span class='ocrx_word' id='word_1_68' title='bbox 1136 1209 1172 1271; x_wconf 90' lang='lat' dir='ltr'><strong>iu</strong></span> <span class='ocrx_word' id='word_1_69' title='bbox 1185 1211 1273 1290; x_wconf 87' lang='lat' dir='ltr'><strong>agris</strong></span> <span class='ocrx_word' id='word_1_70' title='bbox 1285 1207 1358 1271; x_wconf 86' lang='lat' dir='ltr'><strong>lieri</strong></span> 
     </span>
     <span class='ocr_line' id='line_1_10' title="bbox 260 1307 1359 1394; baseline -0.003 -19"><span class='ocrx_word' id='word_1_71' title='bbox 260 1310 424 1394; x_wconf 86' lang='lat' dir='ltr'><strong>pellendo</strong></span> <span class='ocrx_word' id='word_1_72' title='bbox 446 1310 567 1374; x_wconf 86' lang='lat' dir='ltr'><strong>linibus</strong></span> <span class='ocrx_word' id='word_1_73' title='bbox 586 1308 758 1373; x_wconf 86' lang='lat' dir='ltr'><strong>dominus:</strong></span> <span class='ocrx_word' id='word_1_74' title='bbox 782 1309 887 1373; x_wconf 78' lang='lat' dir='ltr'><strong>altera</strong></span> <span class='ocrx_word' id='word_1_75' title='bbox 901 1308 1002 1373; x_wconf 82' lang='lat' dir='ltr'><strong>tidem</strong></span> <span class='ocrx_word' id='word_1_76' title='bbox 1015 1307 1181 1390; x_wconf 87' lang='lat' dir='ltr'><strong>abrogari,</strong></span> <span class='ocrx_word' id='word_1_77' title='bbox 1195 1327 1272 1372; x_wconf 90' lang='lat' dir='ltr'><strong>oum</strong></span> <span class='ocrx_word' id='word_1_78' title='bbox 1287 1327 1359 1392; x_wconf 82' lang='lat' dir='ltr'><strong>qua</strong></span> 
     </span>
     <span class='ocr_line' id='line_1_11' title="bbox 266 1407 1359 1475; baseline -0.002 -1"><span class='ocrx_word' id='word_1_79' title='bbox 266 1411 375 1474; x_wconf 88' lang='lat' dir='ltr'><strong>omnis</strong></span> <span class='ocrx_word' id='word_1_80' title='bbox 391 1411 535 1474; x_wconf 84' lang='lat' dir='ltr'><strong>hnmana</strong></span> <span class='ocrx_word' id='word_1_81' title='bbox 550 1409 696 1475; x_wconf 86' lang='lat' dir='ltr'><strong>societas</strong></span> <span class='ocrx_word' id='word_1_82' title='bbox 712 1409 849 1474; x_wconf 91' lang='lat' dir='ltr'><strong>tollitur.</strong></span> <span class='ocrx_word' id='word_1_83' title='bbox 893 1407 1050 1472; x_wconf 87' lang='lat' dir='ltr'><strong>Omnium</strong></span> <span class='ocrx_word' id='word_1_84' title='bbox 1069 1426 1177 1472; x_wconf 84' lang='lat' dir='ltr'><strong>rerum</strong></span> <span class='ocrx_word' id='word_1_85' title='bbox 1192 1425 1300 1472; x_wconf 82' lang='lat' dir='ltr'><strong>cansa</strong></span> <span class='ocrx_word' id='word_1_86' title='bbox 1309 1415 1335 1454; x_wconf 84' lang='lat'><strong>¹⁵</strong></span> <span class='ocrx_word' id='word_1_87' title='bbox 1343 1416 1359 1456; x_wconf 63' lang='grc' dir='ltr'><strong>Ρ</strong></span> 
     </span>
     <span class='ocr_line' id='line_1_12' title="bbox 264 1499 1358 1594; baseline 0 -22"><span class='ocrx_word' id='word_1_88' title='bbox 264 1499 363 1575; x_wconf 82' lang='lat' dir='ltr'><strong>vobis</strong></span> <span class='ocrx_word' id='word_1_89' title='bbox 378 1511 598 1594; x_wconf 78' lang='lat' dir='ltr'><strong>antiquandas</strong></span> <span class='ocrx_word' id='word_1_90' title='bbox 612 1529 732 1574; x_wconf 85' lang='lat' dir='ltr'><strong>censeo</strong></span> <span class='ocrx_word' id='word_1_91' title='bbox 754 1510 840 1574; x_wconf 86' lang='lat' dir='ltr'><strong>istas</strong></span> <span class='ocrx_word' id='word_1_92' title='bbox 862 1509 1061 1592; x_wconf 77' lang='lat' dir='ltr'><strong>rogationes.</strong></span> <span class='ocrx_word' id='word_1_93' title='bbox 1106 1507 1207 1586; x_wconf 82' lang='lat' dir='ltr'><strong>Quod</strong></span> <span class='ocrx_word' id='word_1_94' title='bbox 1226 1508 1358 1586; x_wconf 82' lang='lat' dir='ltr'><strong>faxitis,</strong></span> 
     </span>
     <span class='ocr_line' id='line_1_13' title="bbox 264 1611 1233 1676; baseline -0.004 0"><span class='ocrx_word' id='word_1_95' title='bbox 264 1611 357 1676; x_wconf 86' lang='lat' dir='ltr'><strong>Deos</strong></span> <span class='ocrx_word' id='word_1_96' title='bbox 372 1611 472 1675; x_wconf 91' lang='lat' dir='ltr'><strong>velim</strong></span> <span class='ocrx_word' id='word_1_97' title='bbox 485 1611 669 1676; x_wconf 68' lang='lat' dir='ltr'><strong>fortunare!</strong></span> <span class='ocrx_word' id='word_1_98' title='bbox 1230 1629 1233 1632; x_wconf 47' lang='lat'><strong>⁴</strong></span> 
     </span>
    </p>

    <p class='ocr_par' dir='ltr' id='par_1_4' title="bbox 262 1707 1359 2491">
     <span class='ocr_line' id='line_1_14' title="bbox 307 1707 1359 1795; baseline -0.001 -20"><span class='ocrx_word' id='word_1_99' title='bbox 307 1711 360 1775; x_wconf 83' lang='lat'><strong>42.</strong></span> <span class='ocrx_word' id='word_1_100' title='bbox 382 1707 501 1776; x_wconf 82' lang='lat' dir='ltr'><strong>Oratio</strong></span> <span class='ocrx_word' id='word_1_101' title='bbox 517 1711 623 1795; x_wconf 87' lang='lat' dir='ltr'><strong>Appii</strong></span> <span class='ocrx_word' id='word_1_102' title='bbox 642 1711 687 1774; x_wconf 87' lang='lat' dir='ltr'><strong>ad</strong></span> <span class='ocrx_word' id='word_1_103' title='bbox 709 1709 745 1774; x_wconf 94' lang='lat' dir='ltr'><strong>id</strong></span> <span class='ocrx_word' id='word_1_104' title='bbox 765 1711 865 1774; x_wconf 89' lang='lat' dir='ltr'><strong>modo</strong></span> <span class='ocrx_word' id='word_1_105' title='bbox 880 1709 997 1786; x_wconf 77' lang='lat' dir='ltr'><strong>saluit,</strong></span> <span class='ocrx_word' id='word_1_106' title='bbox 1012 1714 1050 1772; x_wconf 92' lang='lat' dir='ltr'><strong>ut</strong></span> <span class='ocrx_word' id='word_1_107' title='bbox 1063 1713 1194 1792; x_wconf 85' lang='lat' dir='ltr'><strong>tempus</strong></span> <span class='ocrx_word' id='word_1_108' title='bbox 1208 1711 1359 1791; x_wconf 89' lang='lat' dir='ltr'><strong>rogatio-</strong></span> 
     </span>
     <span class='ocr_line' id='line_1_15' title="bbox 264 1808 1358 1895; baseline 0.001 -22"><span class='ocrx_word' id='word_1_109' title='bbox 264 1829 343 1876; x_wconf 90' lang='lat' dir='ltr'><strong>num</strong></span> <span class='ocrx_word' id='word_1_110' title='bbox 361 1811 580 1895; x_wconf 89' lang='lat' dir='ltr'><strong>jubendarum</strong></span> <span class='ocrx_word' id='word_1_111' title='bbox 596 1811 804 1894; x_wconf 81' lang='lat' dir='ltr'><strong>proferretur.</strong></span> <span class='ocrx_word' id='word_1_112' title='bbox 850 1808 981 1872; x_wconf 79' lang='lat' dir='ltr'><strong>Raleoti</strong></span> <span class='ocrx_word' id='word_1_113' title='bbox 1002 1808 1164 1874; x_wconf 83' lang='lat' dir='ltr'><strong>decimum</strong></span> <span class='ocrx_word' id='word_1_114' title='bbox 1182 1809 1282 1874; x_wconf 86' lang='lat' dir='ltr'><strong>iidem</strong></span> <span class='ocrx_word' id='word_1_115' title='bbox 1298 1811 1358 1874; x_wconf 87' lang='lat' dir='ltr'><strong>tri-</strong></span> 
     </span>
     <span class='ocr_line' id='line_1_16' title="bbox 262 1909 1357 1992; baseline -0.002 -16"><span class='ocrx_word' id='word_1_116' title='bbox 262 1913 355 1989; x_wconf 89' lang='lat' dir='ltr'><strong>buni,</strong></span> <span class='ocrx_word' id='word_1_117' title='bbox 365 1912 503 1976; x_wconf 87' lang='lat' dir='ltr'><strong>Sextius</strong></span> <span class='ocrx_word' id='word_1_118' title='bbox 517 1919 552 1974; x_wconf 82' lang='lat' dir='ltr'><strong>at</strong></span> <span class='ocrx_word' id='word_1_119' title='bbox 562 1910 772 1986; x_wconf 85' lang='lat' dir='ltr'><strong>Licinius,de</strong></span> <span class='ocrx_word' id='word_1_120' title='bbox 782 1909 981 1974; x_wconf 83' lang='lat' dir='ltr'><strong>decemviris</strong></span> <span class='ocrx_word' id='word_1_121' title='bbox 992 1916 1185 1973; x_wconf 83' lang='lat' dir='ltr'><strong>sacrorum‘¹</strong></span> <span class='ocrx_word' id='word_1_122' title='bbox 1199 1928 1243 1973; x_wconf 84' lang='lat' dir='ltr'><strong>ax</strong></span> <span class='ocrx_word' id='word_1_123' title='bbox 1259 1919 1357 1992; x_wconf 85' lang='lat' dir='ltr'><strong>parte</strong></span> 
     </span>
     <span class='ocr_line' id='line_1_17' title="bbox 264 2008 1356 2096; baseline -0.003 -20"><span class='ocrx_word' id='word_1_124' title='bbox 264 2012 305 2076; x_wconf 92' lang='lat' dir='ltr'><strong>de</strong></span> <span class='ocrx_word' id='word_1_125' title='bbox 330 2013 430 2096; x_wconf 87' lang='lat' dir='ltr'><strong>plebe</strong></span> <span class='ocrx_word' id='word_1_126' title='bbox 457 2011 608 2076; x_wconf 80' lang='lat' dir='ltr'><strong>creandis</strong></span> <span class='ocrx_word' id='word_1_127' title='bbox 630 2011 733 2094; x_wconf 86' lang='lat' dir='ltr'><strong>legem</strong></span> <span class='ocrx_word' id='word_1_128' title='bbox 755 2008 958 2094; x_wconf 79' lang='lat' dir='ltr'><strong>pertulera¹⁶</strong></span> <span class='ocrx_word' id='word_1_129' title='bbox 1001 2009 1109 2073; x_wconf 86' lang='lat' dir='ltr'><strong>Creati</strong></span> <span class='ocrx_word' id='word_1_130' title='bbox 1124 2009 1273 2091; x_wconf 88' lang='lat' dir='ltr'><strong>quinque</strong></span> <span class='ocrx_word' id='word_1_131' title='bbox 1290 2009 1356 2074; x_wconf 89' lang='lat' dir='ltr'><strong>Pa-</strong></span> 
     </span>
     <span class='ocr_line' id='line_1_18' title="bbox 263 2103 1358 2198; baseline -0.003 -21"><span class='ocrx_word' id='word_1_132' title='bbox 263 2121 360 2190; x_wconf 84' lang='lat' dir='ltr'><strong>trum,</strong></span> <span class='ocrx_word' id='word_1_133' title='bbox 374 2115 521 2198; x_wconf 87' lang='lat' dir='ltr'><strong>quinque</strong></span> <span class='ocrx_word' id='word_1_134' title='bbox 537 2113 667 2197; x_wconf 88' lang='lat' dir='ltr'><strong>plebis:</strong></span> <span class='ocrx_word' id='word_1_135' title='bbox 680 2103 854 2195; x_wconf 81' lang='lat' dir='ltr'><strong>graduque</strong></span> <span class='ocrx_word' id='word_1_136' title='bbox 868 2129 908 2176; x_wconf 86' lang='lat' dir='ltr'><strong>eo</strong></span> <span class='ocrx_word' id='word_1_137' title='bbox 918 2111 989 2194; x_wconf 89' lang='lat' dir='ltr'><strong>jam</strong></span> <span class='ocrx_word' id='word_1_138' title='bbox 1002 2112 1059 2174; x_wconf 90' lang='lat' dir='ltr'><strong>via</strong></span> <span class='ocrx_word' id='word_1_139' title='bbox 1072 2110 1165 2173; x_wconf 86' lang='lat' dir='ltr'><strong>sacta</strong></span> <span class='ocrx_word' id='word_1_140' title='bbox 1180 2110 1221 2175; x_wconf 86' lang='lat' dir='ltr'><strong>ad</strong></span> <span class='ocrx_word' id='word_1_141' title='bbox 1237 2129 1358 2174; x_wconf 86' lang='lat' dir='ltr'><strong>consu·</strong></span> 
     </span>
     <span class='ocr_line' id='line_1_19' title="bbox 263 2208 1357 2292; baseline 0 -15"><span class='ocrx_word' id='word_1_142' title='bbox 263 2214 369 2277; x_wconf 87' lang='lat' dir='ltr'><strong>latum</strong></span> <span class='ocrx_word' id='word_1_143' title='bbox 384 2215 569 2278; x_wconf 87' lang='lat' dir='ltr'><strong>videbatur.</strong></span> <span class='ocrx_word' id='word_1_144' title='bbox 613 2213 693 2278; x_wconf 87' lang='lat' dir='ltr'><strong>Hae</strong></span> <span class='ocrx_word' id='word_1_145' title='bbox 710 2213 851 2276; x_wconf 84' lang='lat' dir='ltr'><strong>victoria</strong></span> <span class='ocrx_word' id='word_1_146' title='bbox 870 2216 1024 2275; x_wconf 82' lang='lat' dir='ltr'><strong>contenta</strong></span> <span class='ocrx_word' id='word_1_147' title='bbox 1039 2208 1157 2292; x_wconf 85' lang='lat' dir='ltr'><strong>plebes</strong></span> <span class='ocrx_word' id='word_1_148' title='bbox 1172 2212 1273 2275; x_wconf 87' lang='lat' dir='ltr'><strong>cessit</strong></span> <span class='ocrx_word' id='word_1_149' title='bbox 1288 2212 1357 2278; x_wconf 88' lang='lat' dir='ltr'><strong>Pa·</strong></span> 
     </span>
     <span class='ocr_line' id='line_1_20' title="bbox 263 2310 1356 2395; baseline 0 -17"><span class='ocrx_word' id='word_1_150' title='bbox 263 2315 380 2391; x_wconf 85' lang='lat' dir='ltr'><strong>tribus,</strong></span> <span class='ocrx_word' id='word_1_151' title='bbox 396 2322 442 2390; x_wconf 89' lang='lat' dir='ltr'><strong>ut,</strong></span> <span class='ocrx_word' id='word_1_152' title='bbox 460 2316 491 2377; x_wconf 93' lang='lat' dir='ltr'><strong>in</strong></span> <span class='ocrx_word' id='word_1_153' title='bbox 507 2313 692 2395; x_wconf 76' lang='lat' dir='ltr'><strong>praesentia</strong></span> <span class='ocrx_word' id='word_1_154' title='bbox 707 2311 883 2376; x_wconf 86' lang='lat' dir='ltr'><strong>consulum</strong></span> <span class='ocrx_word' id='word_1_155' title='bbox 898 2311 1064 2375; x_wconf 83' lang='lat' dir='ltr'><strong>mentione</strong></span> <span class='ocrx_word' id='word_1_156' title='bbox 1079 2310 1217 2387; x_wconf 90' lang='lat' dir='ltr'><strong>emissa,</strong></span> <span class='ocrx_word' id='word_1_157' title='bbox 1232 2313 1356 2378; x_wconf 86' lang='lat' dir='ltr'><strong>tribuni</strong></span> 
     </span>
     <span class='ocr_line' id='line_1_21' title="bbox 262 2409 1355 2491; baseline 0.002 -13"><span class='ocrx_word' id='word_1_158' title='bbox 262 2414 405 2478; x_wconf 89' lang='lat' dir='ltr'><strong>militum</strong></span> <span class='ocrx_word' id='word_1_159' title='bbox 421 2421 618 2478; x_wconf 88' lang='lat' dir='ltr'><strong>crearentur.</strong></span> <span class='ocrx_word' id='word_1_160' title='bbox 663 2413 775 2478; x_wconf 79' lang='lat' dir='ltr'><strong>Crasti</strong></span> <span class='ocrx_word' id='word_1_161' title='bbox 797 2410 842 2479; x_wconf 88' lang='lat' dir='ltr'><strong>A.</strong></span> <span class='ocrx_word' id='word_1_162' title='bbox 857 2419 894 2476; x_wconf 88' lang='lat' dir='ltr'><strong>et</strong></span> <span class='ocrx_word' id='word_1_163' title='bbox 907 2410 957 2475; x_wconf 88' lang='grc' dir='ltr'><strong>Μ.</strong></span> <span class='ocrx_word' id='word_1_164' title='bbox 973 2409 1120 2474; x_wconf 85' lang='lat' dir='ltr'><strong>Cornelii</strong></span> <span class='ocrx_word' id='word_1_165' title='bbox 1140 2409 1284 2491; x_wconf 75' lang='lat' dir='ltr'><strong>iterum,r</strong></span> <span class='ocrx_word' id='word_1_166' title='bbox 1304 2411 1355 2480; x_wconf 83' lang='lat' dir='ltr'><strong>M.</strong></span> 
     </span>
    </p>
   </div>
   <div class='ocr_carea' id='block_1_4' title="bbox 714 2563 898 2585">
    <p class='ocr_par' dir='ltr' id='par_1_5' title="bbox 714 2563 898 2585">
     <span class='ocr_line' id='line_1_22' title="bbox 714 2563 898 2585; baseline 0.005 -1"><span class='ocrx_word' id='word_1_167' title='bbox 714 2563 898 2585; x_wconf 64' lang='lat' dir='ltr'><strong>“mm</strong></span> 
     </span>
    </p>
   </div>
   <div class='ocr_carea' id='block_1_5' title="bbox 189 2638 1355 2816">
    <p class='ocr_par' dir='ltr' id='par_1_6' title="bbox 189 2638 1355 2816">
     <span class='ocr_line' id='line_1_23' title="bbox 263 2638 1354 2705; baseline 0.004 -17"><span class='ocrx_word' id='word_1_168' title='bbox 263 2643 295 2688; x_wconf 76' lang='lat' dir='ltr'><strong>lt</strong></span> <span class='ocrx_word' id='word_1_169' title='bbox 312 2639 388 2702; x_wconf 84' lang='lat' dir='ltr'><strong>Conj.</strong></span> <span class='ocrx_word' id='word_1_170' title='bbox 400 2639 512 2702; x_wconf 82' lang='lat' dir='ltr'><strong>liupert.</strong></span> <span class='ocrx_word' id='word_1_171' title='bbox 527 2638 691 2702; x_wconf 72' lang='lat' dir='ltr'><strong>priuati-lt</strong></span> <span class='ocrx_word' id='word_1_172' title='bbox 709 2639 761 2688; x_wconf 84' lang='lat' dir='ltr'><strong>Nec</strong></span> <span class='ocrx_word' id='word_1_173' title='bbox 776 2638 877 2688; x_wconf 61' lang='lat' dir='ltr'><strong>camede</strong></span> <span class='ocrx_word' id='word_1_174' title='bbox 893 2639 944 2689; x_wconf 87' lang='lat' dir='ltr'><strong>dal.</strong></span> <span class='ocrx_word' id='word_1_175' title='bbox 955 2638 1032 2688; x_wconf 85' lang='lat' dir='ltr'><strong>Grut.</strong></span> <span class='ocrx_word' id='word_1_176' title='bbox 1044 2638 1158 2690; x_wconf 79' lang='lat' dir='ltr'><strong>Gronov.</strong></span> <span class='ocrx_word' id='word_1_177' title='bbox 1171 2641 1280 2705; x_wconf 82' lang='lat' dir='ltr'><strong>Doujat.</strong></span> <span class='ocrx_word' id='word_1_178' title='bbox 1292 2643 1354 2692; x_wconf 80' lang='lat' dir='ltr'><strong>Cre-</strong></span> 
     </span>
     <span class='ocr_line' id='line_1_24' title="bbox 189 2701 1355 2816; baseline 0.006 -65"><span class='ocrx_word' id='word_1_179' title='bbox 189 2709 192 2714; x_wconf 83' lang='grc'>’</span> <span class='ocrx_word' id='word_1_180' title='bbox 262 2703 326 2816; x_wconf 50' lang='lat' dir='ltr'><strong>mr.</strong></span> <span class='ocrx_word' id='word_1_181' title='bbox 338 2705 448 2752; x_wconf 65' lang='lat' dir='ltr'><strong>all-u</strong></span> <span class='ocrx_word' id='word_1_182' title='bbox 466 2703 615 2769; x_wconf 65' lang='lat' dir='ltr'><strong>[regendum</strong></span> <span class='ocrx_word' id='word_1_183' title='bbox 625 2701 893 2786; x_wconf 48' lang='lat' dir='ltr'><strong>monet&#39;TanJaber</strong></span> <span class='ocrx_word' id='word_1_184' title='bbox 905 2704 1098 2759; x_wconf 72' lang='lat' dir='ltr'><strong>Qsmsnrrrsn</strong></span> <span class='ocrx_word' id='word_1_185' title='bbox 1107 2718 1187 2754; x_wconf 75' lang='lat' dir='ltr'><strong>mser.</strong></span> <span class='ocrx_word' id='word_1_186' title='bbox 1219 2705 1279 2756; x_wconf 81' lang='lat' dir='ltr'><strong>vid.</strong></span> <span class='ocrx_word' id='word_1_187' title='bbox 1291 2707 1355 2758; x_wconf 84' lang='lat' dir='ltr'><strong>Not.</strong></span> 
     </span>
    </p>
   </div>
   <div class='ocr_carea' id='block_1_6' title="bbox 261 2862 1355 3026">
    <p class='ocr_par' dir='ltr' id='par_1_7' title="bbox 261 2862 1355 3026">
     <span class='ocr_line' id='line_1_25' title="bbox 268 2862 860 2922; baseline 0 -10"><span class='ocrx_word' id='word_1_188' title='bbox 268 2915 271 2922; x_wconf 69' lang='grc'>,</span> <span class='ocrx_word' id='word_1_189' title='bbox 752 2862 860 2914; x_wconf 78' lang='lat' dir='ltr'>NOTAE</span> 
     </span>
     <span class='ocr_line' id='line_1_26' title="bbox 261 2958 1355 3026; baseline 0.003 -16"><span class='ocrx_word' id='word_1_190' title='bbox 261 2959 321 3010; x_wconf 79' lang='lat' dir='ltr'><strong>aulo</strong></span> <span class='ocrx_word' id='word_1_191' title='bbox 341 2959 440 3025; x_wconf 74' lang='lat' dir='ltr'><strong>antiqui</strong></span> <span class='ocrx_word' id='word_1_192' title='bbox 463 2973 541 3024; x_wconf 81' lang='lat' dir='ltr'><strong>apere</strong></span> <span class='ocrx_word' id='word_1_193' title='bbox 562 2958 702 3010; x_wconf 83' lang='lat' dir='ltr'><strong>dicebant:</strong></span> <span class='ocrx_word' id='word_1_194' title='bbox 719 2958 788 3008; x_wconf 85' lang='lat' dir='ltr'><strong>unde</strong></span> <span class='ocrx_word' id='word_1_195' title='bbox 828 2974 927 3022; x_wconf 77' lang='lat' dir='ltr'><strong>pserunt</strong></span> <span class='ocrx_word' id='word_1_196' title='bbox 944 2974 1038 3009; x_wconf 75' lang='lat' dir='ltr'><strong>mrsu:</strong></span> <span class='ocrx_word' id='word_1_197' title='bbox 1062 2973 1149 3009; x_wconf 81' lang='lat' dir='ltr'><strong>earum</strong></span> <span class='ocrx_word' id='word_1_198' title='bbox 1171 2974 1274 3024; x_wconf 80' lang='lat' dir='ltr'><strong>nempe,</strong></span> <span class='ocrx_word' id='word_1_199' title='bbox 1295 2977 1355 3026; x_wconf 69' lang='lat' dir='ltr'><strong>quo</strong></span> 
     </span>
    </p>
   </div>
   <div class='ocr_carea' id='block_1_7' title="bbox 188 3033 1355 3100">
    <p class='ocr_par' dir='ltr' id='par_1_8' title="bbox 188 3033 1355 3100">
     <span class='ocr_line' id='line_1_27' title="bbox 188 3033 1355 3100; baseline 0.003 -17"><span class='ocrx_word' id='word_1_200' title='bbox 188 3081 193 3090; x_wconf 87' lang='grc'>,</span> <span class='ocrx_word' id='word_1_201' title='bbox 261 3041 338 3098; x_wconf 76' lang='lat' dir='ltr'><strong>uptus</strong></span> <span class='ocrx_word' id='word_1_202' title='bbox 350 3035 372 3083; x_wconf 87' lang='lat' dir='ltr'><strong>is</strong></span> <span class='ocrx_word' id='word_1_203' title='bbox 382 3037 425 3100; x_wconf 88' lang='lat' dir='ltr'><strong>qul</strong></span> <span class='ocrx_word' id='word_1_204' title='bbox 437 3035 622 3086; x_wconf 78' lang='lat' dir='ltr'><strong>convenienter</strong></span> <span class='ocrx_word' id='word_1_205' title='bbox 633 3035 707 3084; x_wconf 81' lang='lat' dir='ltr'><strong>alieni</strong></span> <span class='ocrx_word' id='word_1_206' title='bbox 715 3034 789 3098; x_wconf 83' lang='lat' dir='ltr'><strong>juno·</strong></span> <span class='ocrx_word' id='word_1_207' title='bbox 828 3034 900 3097; x_wconf 85' lang='lat' dir='ltr'><strong>prius</strong></span> <span class='ocrx_word' id='word_1_208' title='bbox 911 3034 942 3083; x_wconf 86' lang='lat' dir='ltr'><strong>eb</strong></span> <span class='ocrx_word' id='word_1_209' title='bbox 956 3033 1043 3096; x_wconf 90' lang='lat' dir='ltr'><strong>Appio</strong></span> <span class='ocrx_word' id='word_1_210' title='bbox 1053 3044 1210 3085; x_wconf 73' lang='lat' dir='ltr'><strong>memorata.</strong></span> <span class='ocrx_word' id='word_1_211' title='bbox 1230 3035 1281 3086; x_wconf 75' lang='lat' dir='ltr'><strong>Sed</strong></span> <span class='ocrx_word' id='word_1_212' title='bbox 1293 3037 1355 3087; x_wconf 82' lang='lat' dir='ltr'><strong>addi</strong></span> 
     </span>
    </p>
   </div>
   <div class='ocr_carea' id='block_1_8' title="bbox 191 3107 1355 4225">
    <p class='ocr_par' dir='ltr' id='par_1_9' title="bbox 191 3107 1355 4225">
     <span class='ocr_line' id='line_1_28' title="bbox 260 3107 1355 3174; baseline 0.004 -16"><span class='ocrx_word' id='word_1_213' title='bbox 260 3115 302 3158; x_wconf 85' lang='lat' dir='ltr'><strong>tus</strong></span> <span class='ocrx_word' id='word_1_214' title='bbox 322 3107 379 3158; x_wconf 63' lang='lat' dir='ltr'><strong>ert!</strong></span> <span class='ocrx_word' id='word_1_215' title='bbox 411 3109 488 3173; x_wconf 82' lang='lat' dir='ltr'><strong>Apud</strong></span> <span class='ocrx_word' id='word_1_216' title='bbox 505 3109 615 3158; x_wconf 86' lang='lat' dir='ltr'><strong>eundern</strong></span> <span class='ocrx_word' id='word_1_217' title='bbox 634 3109 788 3173; x_wconf 81' lang='lat' dir='ltr'><strong>‘Apiculurn</strong></span> <span class='ocrx_word' id='word_1_218' title='bbox 828 3117 929 3160; x_wconf 85' lang='lat' dir='ltr'><strong>tentum</strong></span> <span class='ocrx_word' id='word_1_219' title='bbox 952 3111 1037 3172; x_wconf 80' lang='lat' dir='ltr'><strong>velim,</strong></span> <span class='ocrx_word' id='word_1_220' title='bbox 1056 3125 1163 3174; x_wconf 64' lang='lat' dir='ltr'><strong>wass,</strong></span> <span class='ocrx_word' id='word_1_221' title='bbox 1184 3112 1236 3172; x_wconf 86' lang='lat' dir='ltr'><strong>rel,</strong></span> <span class='ocrx_word' id='word_1_222' title='bbox 1255 3113 1355 3162; x_wconf 67' lang='lat' dir='ltr'><strong>mer.-</strong></span> 
     </span>
     <span class='ocr_line' id='line_1_29' title="bbox 261 3183 1355 3250; baseline 0.004 -16"><span class='ocrx_word' id='word_1_223' title='bbox 261 3187 303 3234; x_wconf 84' lang='lat' dir='ltr'><strong>ert</strong></span> <span class='ocrx_word' id='word_1_224' title='bbox 313 3183 392 3246; x_wconf 81' lang='lat' dir='ltr'><strong>illurn,</strong></span> <span class='ocrx_word' id='word_1_225' title='bbox 407 3198 458 3248; x_wconf 83' lang='lat' dir='ltr'><strong>qrro</strong></span> <span class='ocrx_word' id='word_1_226' title='bbox 476 3183 593 3234; x_wconf 79' lang='lat' dir='ltr'><strong>flamines</strong></span> <span class='ocrx_word' id='word_1_227' title='bbox 605 3185 718 3234; x_wconf 80' lang='lat' dir='ltr'><strong>velatum</strong></span> <span class='ocrx_word' id='word_1_228' title='bbox 733 3185 788 3248; x_wconf 84' lang='lat' dir='ltr'><strong>spi·</strong></span> <span class='ocrx_word' id='word_1_229' title='bbox 828 3185 990 3250; x_wconf 82' lang='lat' dir='ltr'><strong>nequeenim</strong></span> <span class='ocrx_word' id='word_1_230' title='bbox 1001 3183 1280 3249; x_wconf 63' lang='lat' dir='ltr'><strong>opnsdelerimisrs.</strong></span> <span class='ocrx_word' id='word_1_231' title='bbox 1296 3188 1355 3238; x_wconf 82' lang='lat' dir='ltr'><strong>Erit</strong></span> 
     </span>
     <span class='ocr_line' id='line_1_30' title="bbox 260 3257 1298 3324; baseline 0.004 -16"><span class='ocrx_word' id='word_1_232' title='bbox 260 3257 441 3319; x_wconf 67' lang='lat' dir='ltr'><strong>congerunt!</strong></span> <span class='ocrx_word' id='word_1_233' title='bbox 473 3258 787 3324; x_wconf 82' lang='lat' dir='ltr'><strong>Sedqusmrir‘Apiois&#39;</strong></span> <span class='ocrx_word' id='word_1_234' title='bbox 829 3261 1298 3324; x_wconf 48' lang='lat' dir='ltr'><strong>signatura-smirnamum.</strong></span> 
     </span>
     <span class='ocr_line' id='line_1_31' title="bbox 259 3333 1353 3399; baseline 0.005 -17"><span class='ocrx_word' id='word_1_235' title='bbox 259 3347 353 3382; x_wconf 85' lang='lat' dir='ltr'><strong>nomen</strong></span> <span class='ocrx_word' id='word_1_236' title='bbox 365 3340 481 3383; x_wconf 84' lang='lat' dir='ltr'><strong>sumatur</strong></span> <span class='ocrx_word' id='word_1_237' title='bbox 491 3349 538 3398; x_wconf 88' lang='lat' dir='ltr'><strong>pro</strong></span> <span class='ocrx_word' id='word_1_238' title='bbox 549 3336 695 3385; x_wconf 76' lang='lat' dir='ltr'><strong>acuminato</strong></span> <span class='ocrx_word' id='word_1_239' title='bbox 706 3333 786 3385; x_wconf 80' lang='lat' dir='ltr'><strong>flenti·</strong></span> <span class='ocrx_word' id='word_1_240' title='bbox 860 3342 873 3376; x_wconf 71' lang='lat'><strong>‘¹</strong></span> <span class='ocrx_word' id='word_1_241' title='bbox 889 3335 928 3382; x_wconf 82' lang='lat' dir='ltr'><strong>De</strong></span> <span class='ocrx_word' id='word_1_242' title='bbox 937 3334 1074 3383; x_wconf 64' lang='lat' dir='ltr'><strong>&amp;mairie</strong></span> <span class='ocrx_word' id='word_1_243' title='bbox 1082 3335 1214 3399; x_wconf 66' lang='lat' dir='ltr'><strong>amnes]</strong></span> <span class='ocrx_word' id='word_1_244' title='bbox 1236 3335 1304 3388; x_wconf 79' lang='lat' dir='ltr'><strong>Vide</strong></span> <span class='ocrx_word' id='word_1_245' title='bbox 1312 3352 1353 3388; x_wconf 83' lang='lat' dir='ltr'><strong>ru·</strong></span> 
     </span>
     <span class='ocr_line' id='line_1_32' title="bbox 260 3408 1123 3474; baseline -0.003 -17"><span class='ocrx_word' id='word_1_246' title='bbox 260 3422 321 3458; x_wconf 91' lang='lat' dir='ltr'><strong>num</strong></span> <span class='ocrx_word' id='word_1_247' title='bbox 336 3408 415 3472; x_wconf 85' lang='lat' dir='ltr'><strong>plleo,</strong></span> <span class='ocrx_word' id='word_1_248' title='bbox 433 3409 536 3472; x_wconf 85' lang='lat' dir='ltr'><strong>proprie</strong></span> <span class='ocrx_word' id='word_1_249' title='bbox 555 3417 641 3458; x_wconf 84' lang='lat' dir='ltr'><strong>tamen</strong></span> <span class='ocrx_word' id='word_1_250' title='bbox 658 3408 788 3472; x_wconf 79' lang='lat' dir='ltr'><strong>signifieat</strong></span> <span class='ocrx_word' id='word_1_251' title='bbox 828 3414 994 3474; x_wconf 67' lang='lat' dir='ltr'><strong>precepti.</strong></span> <span class='ocrx_word' id='word_1_252' title='bbox 1119 3448 1123 3454; x_wconf 92' lang='lat'><strong>.</strong></span> 
     </span>
     <span class='ocr_line' id='line_1_33' title="bbox 260 3481 1353 3553; baseline 0.008 -22"><span class='ocrx_word' id='word_1_253' title='bbox 260 3481 392 3545; x_wconf 74' lang='lat' dir='ltr'><strong>fastigium</strong></span> <span class='ocrx_word' id='word_1_254' title='bbox 403 3483 459 3545; x_wconf 75' lang='lat' dir='ltr'><strong>ejus</strong></span> <span class='ocrx_word' id='word_1_255' title='bbox 469 3483 540 3545; x_wconf 83' lang='lat' dir='ltr'><strong>pilei,</strong></span> <span class='ocrx_word' id='word_1_256' title='bbox 549 3483 576 3531; x_wconf 91' lang='lat' dir='ltr'><strong>in</strong></span> <span class='ocrx_word' id='word_1_257' title='bbox 584 3485 657 3547; x_wconf 85' lang='lat' dir='ltr'><strong>cujus</strong></span> <span class='ocrx_word' id='word_1_258' title='bbox 669 3491 786 3534; x_wconf 80' lang='lat' dir='ltr'><strong>extremo</strong></span> <span class='ocrx_word' id='word_1_259' title='bbox 858 3492 870 3520; x_wconf 75' lang='lat'><em>¹</em></span> <span class='ocrx_word' id='word_1_260' title='bbox 886 3486 969 3536; x_wconf 76' lang='lat' dir='ltr'><strong>cnuti</strong></span> <span class='ocrx_word' id='word_1_261' title='bbox 975 3485 1039 3535; x_wconf 69' lang='lat' dir='ltr'><strong>Aet</strong></span> <span class='ocrx_word' id='word_1_262' title='bbox 1047 3484 1085 3533; x_wconf 78' lang='grc' dir='ltr'><strong>Μ.</strong></span> <span class='ocrx_word' id='word_1_263' title='bbox 1095 3487 1200 3536; x_wconf 77' lang='lat' dir='ltr'><strong>Cornelii</strong></span> <span class='ocrx_word' id='word_1_264' title='bbox 1207 3488 1305 3553; x_wconf 63' lang='grc' dir='ltr'><strong>ι’ὀω]</strong></span> <span class='ocrx_word' id='word_1_265' title='bbox 1316 3491 1353 3540; x_wconf 82' lang='lat' dir='ltr'><strong>lli</strong></span> 
     </span>
     <span class='ocr_line' id='line_1_34' title="bbox 259 3557 1353 3624; baseline 0.006 -16"><span class='ocrx_word' id='word_1_266' title='bbox 259 3557 387 3609; x_wconf 81' lang='lat' dir='ltr'><strong>modicum</strong></span> <span class='ocrx_word' id='word_1_267' title='bbox 399 3558 460 3622; x_wconf 89' lang='lat' dir='ltr'><strong>quid</strong></span> <span class='ocrx_word' id='word_1_268' title='bbox 471 3559 537 3607; x_wconf 72' lang='lat' dir='ltr'><strong>lana</strong></span> <span class='ocrx_word' id='word_1_269' title='bbox 547 3566 597 3608; x_wconf 87' lang='lat' dir='ltr'><strong>est.</strong></span> <span class='ocrx_word' id='word_1_270' title='bbox 622 3558 725 3608; x_wconf 81' lang='lat' dir='ltr'><strong>Idcirco</strong></span> <span class='ocrx_word' id='word_1_271' title='bbox 734 3561 741 3587; x_wconf 90' lang='lat'><em>‘</em></span> <span class='ocrx_word' id='word_1_272' title='bbox 750 3561 786 3609; x_wconf 83' lang='lat' dir='ltr'><strong>la·</strong></span> <span class='ocrx_word' id='word_1_273' title='bbox 827 3565 983 3624; x_wconf 81' lang='lat' dir='ltr'><strong>postremum</strong></span> <span class='ocrx_word' id='word_1_274' title='bbox 995 3560 1091 3609; x_wconf 87' lang='lat' dir='ltr'><strong>tribuni</strong></span> <span class='ocrx_word' id='word_1_275' title='bbox 1104 3562 1212 3612; x_wconf 87' lang='lat' dir='ltr'><strong>militum</strong></span> <span class='ocrx_word' id='word_1_276' title='bbox 1223 3566 1353 3615; x_wconf 75' lang='lat' dir='ltr'><strong>eonmlsri</strong></span> 
     </span>
     <span class='ocr_line' id='line_1_35' title="bbox 258 3631 1355 3704; baseline 0.005 -20"><span class='ocrx_word' id='word_1_277' title='bbox 258 3636 415 3699; x_wconf 83' lang='lat' dir='ltr'><strong>uigerosqne</strong></span> <span class='ocrx_word' id='word_1_278' title='bbox 426 3632 528 3696; x_wconf 85' lang='lat' dir='ltr'><strong>rpieer&#39;</strong></span> <span class='ocrx_word' id='word_1_279' title='bbox 544 3631 623 3681; x_wconf 80' lang='lat' dir='ltr'><strong>hebet</strong></span> <span class='ocrx_word' id='word_1_280' title='bbox 633 3633 707 3696; x_wconf 83' lang='lat' dir='ltr'><strong>Virg.</strong></span> <span class='ocrx_word' id='word_1_281' title='bbox 723 3647 787 3683; x_wconf 78' lang='lat' dir='ltr'><strong>vnn</strong></span> <span class='ocrx_word' id='word_1_282' title='bbox 827 3640 957 3699; x_wconf 82' lang='lat' dir='ltr'><strong>potestate</strong></span> <span class='ocrx_word' id='word_1_283' title='bbox 966 3635 1063 3684; x_wconf 78' lang='lat' dir='ltr'><strong>oresti:</strong></span> <span class='ocrx_word' id='word_1_284' title='bbox 1081 3635 1149 3698; x_wconf 84' lang='lat' dir='ltr'><strong>qnod</strong></span> <span class='ocrx_word' id='word_1_285' title='bbox 1168 3652 1249 3699; x_wconf 85' lang='lat' dir='ltr'><strong>genus</strong></span> <span class='ocrx_word' id='word_1_286' title='bbox 1260 3641 1355 3704; x_wconf 50' lang='lat' dir='ltr'><strong>meas·</strong></span> 
     </span>
     <span class='ocr_line' id='line_1_36' title="bbox 235 3701 1352 3776; baseline 0.007 -18"><span class='ocrx_word' id='word_1_287' title='bbox 235 3701 320 3758; x_wconf 83' lang='lat' dir='ltr'><strong>&#39;Hoc</strong></span> <span class='ocrx_word' id='word_1_288' title='bbox 344 3716 431 3758; x_wconf 80' lang='lat' dir='ltr'><strong>autern</strong></span> <span class='ocrx_word' id='word_1_289' title='bbox 453 3706 554 3755; x_wconf 85' lang='lat' dir='ltr'><strong>nomine</strong></span> <span class='ocrx_word' id='word_1_290' title='bbox 575 3705 659 3768; x_wconf 85' lang='lat' dir='ltr'><strong>ipsum</strong></span> <span class='ocrx_word' id='word_1_291' title='bbox 678 3704 787 3756; x_wconf 80' lang='lat' dir='ltr'><strong>flaminis</strong></span> <span class='ocrx_word' id='word_1_292' title='bbox 827 3717 940 3759; x_wconf 84' lang='lat' dir='ltr'><strong>tratuurn</strong></span> <span class='ocrx_word' id='word_1_293' title='bbox 952 3709 1352 3776; x_wconf 70' lang='lat' dir='ltr'><strong>absunoU.G.81⁰.psrasuos</strong></span> 
     </span>
     <span class='ocr_line' id='line_1_37' title="bbox 259 3781 1351 3850; baseline 0.006 -18"><span class='ocrx_word' id='word_1_294' title='bbox 259 3782 434 3833; x_wconf 78' lang='lat' dir='ltr'><strong>esterdotium</strong></span> <span class='ocrx_word' id='word_1_295' title='bbox 448 3781 489 3829; x_wconf 84' lang='lat' dir='ltr'><strong>trio</strong></span> <span class='ocrx_word' id='word_1_296' title='bbox 501 3781 660 3844; x_wconf 81' lang='lat' dir='ltr'><strong>designatur.</strong></span> <span class='ocrx_word' id='word_1_297' title='bbox 826 3787 867 3833; x_wconf 75' lang='grc'><strong>76.</strong></span> <span class='ocrx_word' id='word_1_298' title='bbox 878 3783 924 3831; x_wconf 84' lang='lat' dir='ltr'><strong>sed</strong></span> <span class='ocrx_word' id='word_1_299' title='bbox 936 3797 986 3832; x_wconf 86' lang='lat' dir='ltr'><strong>uon</strong></span> <span class='ocrx_word' id='word_1_300' title='bbox 997 3784 1141 3846; x_wconf 73' lang='lat' dir='ltr'><strong>oondnuoe,</strong></span> <span class='ocrx_word' id='word_1_301' title='bbox 1152 3797 1301 3850; x_wconf 77' lang='lat' dir='ltr'><strong>usurpatum</strong></span> <span class='ocrx_word' id='word_1_302' title='bbox 1313 3789 1351 3838; x_wconf 90' lang='lat' dir='ltr'><strong>in·</strong></span> 
     </span>
     <span class='ocr_line' id='line_1_38' title="bbox 291 3855 1351 3929; baseline 0.011 -26"><span class='ocrx_word' id='word_1_303' title='bbox 291 3867 303 3903; x_wconf 71' lang='lat' dir='ltr'><strong>a</strong></span> <span class='ocrx_word' id='word_1_304' title='bbox 320 3860 408 3908; x_wconf 80' lang='lat' dir='ltr'><strong>Patres</strong></span> <span class='ocrx_word' id='word_1_305' title='bbox 417 3863 524 3908; x_wconf 72' lang='lat' dir='ltr'><strong>emtores</strong></span> <span class='ocrx_word' id='word_1_306' title='bbox 534 3855 613 3923; x_wconf 79' lang='lat' dir='ltr'><strong>fiunt]</strong></span> <span class='ocrx_word' id='word_1_307' title='bbox 629 3857 697 3907; x_wconf 81' lang='lat' dir='ltr'><strong>Vide</strong></span> <span class='ocrx_word' id='word_1_308' title='bbox 709 3872 788 3922; x_wconf 83' lang='lat' dir='ltr'><strong>supra</strong></span> <span class='ocrx_word' id='word_1_309' title='bbox 826 3862 902 3908; x_wconf 84' lang='lat' dir='ltr'><strong>renio</strong></span> <span class='ocrx_word' id='word_1_310' title='bbox 921 3859 1075 3922; x_wconf 80' lang='lat' dir='ltr'><strong>quadragies</strong></span> <span class='ocrx_word' id='word_1_311' title='bbox 1094 3861 1199 3922; x_wconf 84' lang='lat' dir='ltr'><strong>nories;</strong></span> <span class='ocrx_word' id='word_1_312' title='bbox 1216 3862 1265 3912; x_wconf 87' lang='lat' dir='ltr'><strong>uisi</strong></span> <span class='ocrx_word' id='word_1_313' title='bbox 1283 3867 1351 3929; x_wconf 87' lang='lat' dir='ltr'><strong>qnod</strong></span> 
     </span>
     <span class='ocr_line' id='line_1_39' title="bbox 191 3933 1351 3997; baseline 0.006 -14"><span class='ocrx_word' id='word_1_314' title='bbox 191 3957 195 3965; x_wconf 31' lang='grc' dir='ltr'><strong>Δ</strong></span> <span class='ocrx_word' id='word_1_315' title='bbox 260 3933 306 3984; x_wconf 79' lang='lat' dir='ltr'><strong>tib.</strong></span> <span class='ocrx_word' id='word_1_316' title='bbox 317 3948 337 3982; x_wconf 84' lang='grc' dir='ltr'><strong>ι.</strong></span> <span class='ocrx_word' id='word_1_317' title='bbox 349 3950 373 3982; x_wconf 84' lang='lat' dir='ltr'><strong>o.</strong></span> <span class='ocrx_word' id='word_1_318' title='bbox 385 3937 423 3983; x_wconf 78' lang='lat'><strong>1⁷.</strong></span> <span class='ocrx_word' id='word_1_319' title='bbox 825 3934 887 3983; x_wconf 86' lang='lat' dir='ltr'><strong>sitio</strong></span> <span class='ocrx_word' id='word_1_320' title='bbox 905 3933 988 3982; x_wconf 79' lang='lat' dir='ltr'><strong>creati</strong></span> <span class='ocrx_word' id='word_1_321' title='bbox 1007 3933 1143 3997; x_wconf 75' lang='lat' dir='ltr'><strong>aliquando</strong></span> <span class='ocrx_word' id='word_1_322' title='bbox 1158 3936 1351 3990; x_wconf 76' lang='lat' dir='ltr'><strong>abdicaverunt.</strong></span> 
     </span>
     <span class='ocr_line' id='line_1_40' title="bbox 292 4007 1352 4076; baseline 0.008 -18"><span class='ocrx_word' id='word_1_323' title='bbox 292 4019 305 4053; x_wconf 72' lang='grc' dir='ltr'><strong><em>ν</em></strong></span> <span class='ocrx_word' id='word_1_324' title='bbox 323 4011 434 4058; x_wconf 71' lang='lat' dir='ltr'><strong>omnim</strong></span> <span class='ocrx_word' id='word_1_325' title='bbox 452 4024 529 4059; x_wconf 77' lang='lat' dir='ltr'><strong>rerem</strong></span> <span class='ocrx_word' id='word_1_326' title='bbox 546 4007 629 4074; x_wconf 65' lang='lat' dir='ltr'><strong>dum]</strong></span> <span class='ocrx_word' id='word_1_327' title='bbox 645 4010 714 4063; x_wconf 83' lang='lat' dir='ltr'><strong>Quid</strong></span> <span class='ocrx_word' id='word_1_328' title='bbox 726 4011 785 4061; x_wconf 82' lang='lat' dir='ltr'><strong>hine</strong></span> <span class='ocrx_word' id='word_1_329' title='bbox 824 4009 890 4059; x_wconf 86' lang='lat' dir='ltr'><strong>Post</strong></span> <span class='ocrx_word' id='word_1_330' title='bbox 898 4009 955 4057; x_wconf 76' lang='lat' dir='ltr'><strong>ltoeo</strong></span> <span class='ocrx_word' id='word_1_331' title='bbox 972 4007 1145 4059; x_wconf 77' lang='lat' dir='ltr'><strong>sucessores·</strong></span> <span class='ocrx_word' id='word_1_332' title='bbox 1159 4013 1352 4076; x_wconf 80' lang='lat' dir='ltr'><strong>reditum,enlr·</strong></span> 
     </span>
     <span class='ocr_line' id='line_1_41' title="bbox 260 4084 1351 4148; baseline 0.005 -13"><span class='ocrx_word' id='word_1_333' title='bbox 260 4086 550 4135; x_wconf 74' lang='lat' dir='ltr'><strong>eatirsauaseutentiae</strong></span> <span class='ocrx_word' id='word_1_334' title='bbox 567 4087 658 4137; x_wconf 84' lang='lat' dir='ltr'><strong>eruar?</strong></span> <span class='ocrx_word' id='word_1_335' title='bbox 692 4088 786 4138; x_wconf 81' lang='lat' dir='ltr'><strong>Placet</strong></span> <span class='ocrx_word' id='word_1_336' title='bbox 824 4085 878 4133; x_wconf 83' lang='lat' dir='ltr'><strong>lata</strong></span> <span class='ocrx_word' id='word_1_337' title='bbox 900 4098 946 4146; x_wconf 82' lang='lat' dir='ltr'><strong>per</strong></span> <span class='ocrx_word' id='word_1_338' title='bbox 968 4084 1051 4148; x_wconf 82' lang='lat' dir='ltr'><strong>legem</strong></span> <span class='ocrx_word' id='word_1_339' title='bbox 1071 4084 1165 4134; x_wconf 84' lang='lat' dir='ltr'><strong>Lirlnli</strong></span> <span class='ocrx_word' id='word_1_340' title='bbox 1185 4091 1351 4140; x_wconf 78' lang='lat' dir='ltr'><strong>contentione</strong></span> 
     </span>
     <span class='ocr_line' id='line_1_42' title="bbox 260 4159 1351 4225; baseline 0.005 -13"><span class='ocrx_word' id='word_1_341' title='bbox 260 4163 324 4212; x_wconf 83' lang='lat' dir='ltr'><strong>Tau.</strong></span> <span class='ocrx_word' id='word_1_342' title='bbox 351 4159 428 4209; x_wconf 76' lang='lat' dir='ltr'><strong>Fabri</strong></span> <span class='ocrx_word' id='word_1_343' title='bbox 455 4159 612 4221; x_wconf 80' lang='lat' dir='ltr'><strong>conjecturs,</strong></span> <span class='ocrx_word' id='word_1_344' title='bbox 635 4162 783 4224; x_wconf 75' lang='lat' dir='ltr'><strong>repensatis</strong></span> <span class='ocrx_word' id='word_1_345' title='bbox 824 4159 991 4225; x_wconf 80' lang='lat' dir='ltr'><strong>patriciorum</strong></span> <span class='ocrx_word' id='word_1_346' title='bbox 1010 4173 1067 4210; x_wconf 84' lang='lat' dir='ltr'><strong>oum</strong></span> <span class='ocrx_word' id='word_1_347' title='bbox 1088 4160 1195 4224; x_wconf 81' lang='lat' dir='ltr'><strong>plebeiis</strong></span> <span class='ocrx_word' id='word_1_348' title='bbox 1210 4162 1245 4215; x_wconf 86' lang='lat' dir='ltr'><strong>de</strong></span> <span class='ocrx_word' id='word_1_349' title='bbox 1259 4179 1351 4218; x_wconf 81' lang='lat' dir='ltr'><strong>oonsu-</strong></span> 
     </span>
    </p>
   </div>
   <div class='ocr_carea' id='block_1_9' title="bbox 0 0 1580 4942">
    <p class='ocr_par' dir='ltr' id='par_1_10' title="bbox 0 0 1580 4942">
     <span class='ocr_line' id='line_1_43' title="bbox 0 0 1580 4942; baseline 0 1"><span class='ocrx_word' id='word_1_350' title='bbox 0 0 1580 4942; x_wconf 95' lang='lat' dir='ltr'><strong> </strong></span> 
     </span>
    </p>
   </div>
  </div>
 </body>
</html>
