3150 4942
565 440 636 488 ura.
661 441 711 488 vr.
737 441 819 489 oar.
839 425 893 490 eu.
1209 427 1275 492 993

178 583 327 651 tentione
350 581 513 646 exercitu
526 582 651 664 scripto
674 581 829 665 proiecti,
848 603 916 647 uon
939 583 984 647 ab
1003 585 1153 650 Tusculo
1170 588 1275 652 modo

180 701 391 748 summovere
410 682 547 757 bostem,
563 682 620 746 sed
644 686 732 748 intra
753 693 884 749 suamet
906 685 1017 766 ipsum
1040 689 1163 751 moenia
1184 707 1278 752 com·

181 785 309 866 pulcre.
354 781 665 866 obsidebanturque
687 783 776 848 haud
798 785 901 868 paulo
922 786 957 848 vi
978 787 1106 869 majore
1129 788 1279 865 Velitrae,

182 882 494 966 quamTusculom
520 884 692 946 obsessum
720 883 849 965 suerat3
874 877 1071 951 nec'tamen
1096 889 1140 952 ab
1167 891 1228 965 eis,
1257 909 1280 954 a

181 984 306 1067 quibus
326 981 477 1046 ,obsideri
500 989 622 1065 ooeptae
647 991 753 1058 eraut,
779 987 964 1066 expugnari
989 995 1141 1069 potuere.
1186 991 1277 1054 Ante

179 1085 261 1147 nori
286 1084 390 1146 oresti
417 1094 492 1145 sunt
517 1084 638 1149 tribuni
665 1085 817 1160 militum,
843 1085 1085 1166 Q.,Serviiius,
1111 1089 1149 1153 C.
1171 1090 1280 1156 Vetus
1352 1081 1397 1181 ‘'·

180 1181 290 1260 rius,¹⁶
310 1181 353 1248 A.
369 1188 403 1246 et
423 1183 474 1247 M.
490 1183 649 1262 Cornelii,
665 1185 711 1263 Q.
728 1185 897 1264 Quintius,
916 1186 967 1250 Μ.
984 1189 1138 1254 Fabius!
1184 1190 1280 1255 Nihil

180 1303 222 1349 ne
244 1286 286 1348 ab
299 1284 352 1348 bis
368 1284 501 1368 quidem
519 1286 662 1350 tribunis
679 1287 722 1350 ad
738 1287 887 1351 Velitras
902 1292 1117 1354 memorabile
1139 1291 1280 1356 sactum.

182 1385 224 1450 ln
247 1385 375 1468 majore
397 1385 585 1450 discrimine
611 1388 700 1452 domi
725 1407 779 1451 res
804 1391 1038 1454 vertebantur:
1060 1411 1136 1456 nam
1160 1399 1280 1474 praeter

184 1483 338 1550 Sextium
361 1485 591 1568 Liciniumque
613 1489 735 1552 latores
762 1489 884 1568 legum,
900 1489 970 1573 jam
997 1496 1152 1555 octavum
1177 1491 1281 1554 tribu·

183 1605 247 1662 nos
269 1585 379 1668 plebis
400 1585 554 1664 resectos,
571 1587 699 1652 Fabius
715 1606 853 1672 quoque
869 1591 1022 1657 tribuous
1037 1591 1188 1669 miiitum,
1203 1591 1280 1655 Sto-

183 1687 270 1770 lonis
285 1704 395 1763 socer,
412 1705 552 1769 quarum
568 1687 677 1770 legum
693 1696 813 1754 auctor
826 1690 963 1768 fuerat,¹¹
984 1710 1097 1755 earum
1111 1709 1281 1773 suasorem

184 1807 221 1852 se
236 1789 324 1852 haud
341 1789 478 1852 dubium
493 1788 637 1853 serebat:
676 1789 729 1867 Et,
744 1810 820 1854 oum
834 1798 911 1857 octo
925 1811 967 1855 cx
980 1791 1122 1873 collegio
1136 1794 1282 1856 tribuno·

185 1909 258 1953 rum
284 1891 394 1972 plebis
420 1893 526 1971 primo
554 1891 791 1955 intercessores
815 1893 929 1973 legum
955 1892 1110 1970 inissent,
1134 1893 1281 1976 quinque

185 1990 249 2055 soli
262 1997 396 2055 erant:¹
417 1999 451 2070 et
464 1995 514 2068 (ut
527 1991 629 2056 ferme
644 1993 762 2070 soient,
775 1994 833 2077 qui
848 2013 870 2057 a
884 1996 954 2058 suis
969 1991 1178 2076 desciscunt)
1188 1995 1282 2076 capti

166 2177 169 2182 Ι
186 2097 220 2155 et
241 2097 411 2174 stupentes
434 2092 535 2155 animi
546 2100 594 2140 ¹⁷³
617 2093 758 2156 vocibus
774 2094 893 2157 alienis
907 2093 942 2157 id
956 2094 1069 2170 modo,
1085 2093 1173 2175 quod
1190 2093 1282 2156 domi

179 2199 388 2276 ¹praecaptum
402 2197 483 2268 erat,
495 2191 727 2256 intercessioni
743 2213 815 2258 suae
829 2191 1098 2276 praetendebant:
1122 2191 1283 2259 ‘Velitris

185 2295 219 2358 in
242 2293 389 2358 exercitu
415 2293 526 2374 piebis
549 2310 700 2372 magnam
721 2299 851 2376 partem
878 2294 1013 2356 abesse:
1040 2293 1075 2354 in
1101 2291 1282 2356 adrentum

139 2427 151 2448 a
184 2394 329 2458 militum
352 2395 491 2457 comitia
513 2391 632 2456 differri
653 2393 781 2472 debere,
798 2401 834 2458 ut
849 2394 1003 2457 universa
1017 2382 1132 2476 plebes
1148 2393 1190 2457 de
1211 2394 1282 2458 suis

185 2494 374 2583 commodis
400 2494 589 2576 suffragium
615 2493 732 2558 ferret?
785 2495 926 2559 Sextius
952 2493 1180 2576 Liciniusque,
1206 2513 1282 2560 cum

186 2601 278 2679 parte
293 2595 491 2678 collegarum
506 2603 540 2658 et
555 2613 621 2658 uno
634 2613 678 2658 ex
693 2595 833 2658 tribunis
847 2594 987 2659 militum
1004 2593 1124 2670 Fabio,
1137 2593 1283 2658 artifices

181 2699 253 2780 jam
276 2703 327 2760 tot
348 2715 509 2759 annorum
531 2715 593 2758 usu
619 2695 780 2759 tractandi
808 2697 937 2760 animos
964 2695 1097 2777 plebis:
1121 2694 1283 2776 primores

187 2795 326 2861 Petrum
342 2796 521 2878 productos
533 2795 765 2878 interrogando
781 2796 822 2859 de
835 2797 986 2877 singulis,
1001 2816 1079 2879 qnae
1094 2795 1284 2861 ferebantur

189 2897 233 2962 ad
255 2898 426 2979 populum,
448 2895 652 2977 fatigabant:
676 2893 915 2960 ‘Auderentne
939 2897 1125 2985 postutare,
1141 2905 1189 2973 ut,
1205 2915 1283 2960 cum

190 3021 198 3116 ¹-
219 3086 230 3112 ⁰
248 3079 308 3126 Post
318 3082 353 3127 tot
363 3091 477 3126 oum
486 3077 656 3140 ommatium
666 3091 747 3127 eorum
764 3077 854 3128 utiam
869 3077 951 3141 periti,
961 3075 1046 3140 qubus
1055 3075 1207 3126 Mater
1214 3080 1285 3140 utque

127 3151 132 3160 ·
190 3141 513 3206 impetisrmturpiebeiorum
524 3146 620 3191 ruentes.

646 3249 830 3272 muumoo

224 3355 253 3402 lb
270 3349 381 3400 Maximo
392 3350 418 3398 in
429 3348 472 3398 ed.
488 3349 561 3399 Rom.
577 3352 648 3400 14⁷2.
659 3348 740 3462 (frob.
757 3348 921 3399 Stroth-ld
937 3347 1047 3396 Addunt
1064 3348 1151 3397 iterun
1169 3347 1285 3396 Gronov.

191 3416 297 3479 Doujat·
309 3414 488 3466 Cretica-17
504 3414 552 3463 ‘Iu
565 3427 616 3462 uno
627 3428 657 3463 co
679 3447 685 3461 .
702 3413 797 3471 animis,
814 3412 883 3478 quod
898 3413 930 3462 od
943 3422 1080 3477 utrumque
1093 3412 1186 3476 portio·
1196 3411 1285 3462 referri

682 3575 790 3627 NOTAE

223 3677 235 3701 ⁸
252 3676 285 3725 Α.
298 3675 331 3724 U.
342 3675 372 3724 C.
384 3677 441 3723 esa.
757 3677 824 3724 rest.

223 3752 349 3811 *fatto
366 3752 408 3812 bo.
422 3761 522 3812 quorum
541 3749 620 3811 tegam
636 3753 734 3799 amor.
789 3743 1148 3810 rCoptietotrpoaterorrirai]
1165 3743 1286 3792 Vuitboo

184 3826 280 3890 sanet]
303 3822 525 3876 Quemadmodum
545 3823 605 3874 titire
626 3825 718 3874 minori
757 3826 871 3890 quinquo
894 3825 1021 3879 tribunos,
1038 3836 1096 3872 cum
1120 3835 1161 3869 rer
1186 3819 1287 3882 agenda

190 3903 353 3968 promiserat,
364 3907 482 3948 extremo
493 3913 516 3948 c.
527 3903 568 3949 at.
757 3909 837 3960 erret,
847 3901 1032 3965 deprehensos,
1049 3896 1187 3950 herentes,
1205 3895 1287 3958 impe·

193 4013 198 4022 .
222 3987 235 4013 ¹
254 3978 363 4040 Quinque
389 3976 435 4026 soii
461 3975 542 4037 mont]
563 3967 657 4024 Tribus
684 3989 717 4024 ex
758 3977 837 4030 ditos,
854 3985 934 4037 atque
949 3973 1034 4022 auimo
1056 3970 1166 4017 ottouito
1188 3967 1288 4029 foisse3

190 4057 389 4106 intercessorum
401 4065 508 4102 numero
519 4050 551 4100 ad
561 4051 678 4104 Sextium
690 4059 717 4101 et
757 4051 878 4115 quoniam
890 4062 945 4122 nou
952 4045 1057 4110 proprio
1066 4045 1170 4107 iugenio
1179 4045 1287 4095 uteban-

190 4130 315 4181 Lioinium
333 4127 471 4190 adjunctis,
491 4134 536 4176 aut
555 4134 627 4175 certe
639 4129 718 4176 inter·
759 4134 803 4175 tur
822 4127 849 4173 io
869 4139 901 4172 eo
919 4122 1022 4184 nogotio
1041 4121 1229 4185 prosequendo,
1240 4119 1286 4190 ubi

192 4205 302 4256 curioni
309 4203 582 4263 renuntiantibur‚uou
590 4203 638 4250 nisi
647 4201 717 4265 quio·
758 4200 885 4252 firmanda
896 4197 1036 4248 rationibus
1053 4203 1110 4246 erat
1124 4196 1286 4251 intercessio,

191 4295 241 4350 que
252 4286 406 4344 supererant
416 4279 459 4343 qui
470 4278 496 4329 in
516 4291 548 4328 es
566 4291 717 4344 persevero
758 4276 916 4340 collegarum
927 4271 1063 4337 conatibus
1080 4272 1112 4321 ab
1127 4270 1190 4334 ipsis
1206 4284 1287 4334 oppo-
