3150 4942
595 421 666 470 nra.
690 421 740 470 vt.
762 421 843 471 aar.
864 407 919 472 41.
1218 409 1302 474 10oe

213 565 348 630 Patres.
392 559 482 626 Nam
502 560 655 643 plebeius
669 560 803 644 quidem
816 560 1046 646 ιιιιιιςίιιιῐιιιιιιΙ
1059 564 1172 628 nullae
1187 567 1304 648 anapi-

213 672 289 729 cato
306 666 443 726 creatur.
486 659 598 724 Nobis
624 660 712 726 adeo
734 662 873 744 propria
894 671 972 753 aunt
994 664 1159 747 auspicia,
1177 671 1215 728 ut
1237 685 1305 730 acu

213 764 335 841 solum,
345 779 432 845 quoe
443 761 592 844 populus
605 769 695 826 creat
705 762 866 844 patriciae
876 763 1107 845 magistratus,
1116 785 1184 830 nau
1197 767 1303 845 aliter,

214 883 315 950 quam
330 863 515 946 auspicato,
531 869 642 943 creet;
662 863 722 927 ned
737 881 800 928 noe
814 882 946 948 queque
965 865 1035 950 ipsi
1055 868 1128 930 aiae
1149 867 1304 951 suffragio

212 966 330 1050 populi
352 965 530 1046 auspicato
556 963 748 1046 interregem
769 963 963 1047 prodamus,
983 973 1018 1031 et
1036 967 1196 1050 privatim
1206 975 1230 1015 ¹³
1244 987 1305 1033 aa·

212 1065 323 1149 spicia
349 1065 545 1142 habeamus,
573 1083 651 1147 quea
676 1065 734 1131 isti
758 1083 801 1128 uc
829 1066 863 1129 iu
891 1066 1141 1148 magiamtibue
1167 1068 1304 1151 quidem
1369 1111 1371 1115 -

211 1166 347 1230 habeut
391 1165 484 1244 Quid
499 1165 599 1248 igitur
614 1166 717 1244 aliud,
732 1183 832 1251 quarn
853 1167 945 1232 tollit
964 1185 1009 1232 ex
1030 1169 1170 1232 civitate
1189 1170 1305 1252 anapi-

176 1299 180 1306 ·
210 1265 278 1344 cia,
291 1265 360 1348 qui,
373 1265 527 1348 plebeios
543 1267 697 1332 consules
717 1267 873 1344 mado,
889 1285 911 1330 a
928 1266 1096 1346 Patribus,
1111 1270 1170 1352 qui
1184 1269 1250 1333 soli
1263 1287 1306 1334 ea

212 1365 334 1431 habere
360 1373 517 1448 possunt,
542 1367 671 1432 anlertl
723 1367 873 1432 Eludant
897 1387 986 1432 nuuc
1009 1369 1090 1433 licat
1113 1368 1305 1452 religiones.

215 1465 307 1544 Quid
320 1466 408 1530 euim
420 1474 481 1545 eet,
496 1467 528 1531 si
542 1468 627 1550 pulli
641 1485 708 1533 acu
720 1468 921 1551 pascenturl
930 1475 950 1502 ²¹
964 1468 996 1532 ei
1005 1487 1048 1533 ex
1059 1487 1165 1534 caree
1177 1469 1305 1533 tardius

213 1567 380 1631 exieriutl
403 1567 432 1630 si
453 1569 635 1633 occiuuerit
649 1568 746 1634 ariel
792 1567 904 1633 Parva
917 1575 997 1632 eunt
1009 1569 1100 1634 lteec:
1124 1569 1184 1634 sed
1199 1589 1306 1653 parva

215 1669 282 1732 ista
296 1687 365 1731 uua
381 1669 622 1734 contemnendo
641 1669 788 1752 majorae
810 1671 917 1734 uestri
936 1670 1117 1734 maximam
1131 1669 1218 1734 hauc
1232 1689 1305 1735 nera

213 1769 372 1833 lecerunt.
406 1769 505 1834 Nunc
521 1776 761 1853 nos,tanquam
771 1770 843 1855 jam
855 1769 936 1834 nihil
950 1788 1037 1852 pace
1053 1771 1198 1834 Deorum
1214 1789 1303 1854 epus

213 1870 268 1946 sit,
290 1889 404 1934 omnes
422 1871 627 1934 ceri-onies
650 1869 842 1953 palluimus.
887 1869 999 1953 Vulgo
1013 1888 1092 1952 ergo
1117 1871 1304 1954 pontifices,

212 1989 366 2052 augures,
378 1970 553 2035 sacrificuli
564 1989 662 2052 reges
674 1977 858 2036 oracutum
868 1972 1004 2035 cuilibet
1017 1973 1147 2053 apicem
1154 1971 1304 2048 dialem?

246 2158 261 2194 ³
279 2151 393 2201 creentur
403 2153 481 2212 igitar
486 2150 609 2216 paulillus
616 2153 753 2214 mutuae,
763 2157 788 2202 et
798 2166 829 2202 ee
836 2151 902 2214 calgi
914 2152 984 2212 sace.

705 2307 816 2362 Nom

215 2409 277 2459 urnii
300 2409 361 2460 eolla
382 2409 499 2474 patriciir
526 2406 662 2458 camariana
689 2407 740 2458 lalt
778 2406 895 2458 tribunae
912 2408 949 2471 pl.
963 2405 1077 2470 auspicia
1093 2409 1304 2455 contemnenter:

214 2497 344 2534 nurerum
356 2498 429 2546 cura,
443 2491 511 2534 teate
526 2485 634 2548 Dionys.
650 2483 694 2534 lib.
706 2495 739 2533 n.
777 2485 871 2550 qullm
893 2497 951 2534 mox
979 2481 1128 2547 reapeudet,
1155 2480 1304 2542 indicatque

214 2559 282 2610 Vide
299 2573 448 2624 responsum
469 2559 581 2609 cuntulit
599 2559 632 2609 ad
656 2557 740 2610 Canu·
778 2573 875 2625 genera
891 2559 943 2608 duc
959 2557 1090 2608 diriuaudl
1106 2571 1140 2606 ex
1155 2555 1254 2610 aribus,
1270 2568 1305 2604 ea

216 2635 293 2685 leiuur
303 2636 349 2686 lib.
361 2649 399 2684 av.
410 2648 468 2699 cap.
479 2638 505 2684 a.
779 2635 906 2698 pullnrutu
917 2635 1036 2684 nimirum
1045 2641 1130 2698 pantu,
1139 2629 1207 2682 et'cx
1219 2629 1304 2681 arium

247 2710 381 2761 ¹Pledeinr
402 2710 495 2774 pridem
515 2709 681 2772 mgistratess
706 2707 739 2758 Iu
778 2710 895 2762 caelarunt
906 2712 1013 2776 garritu,
1028 2719 1150 2773 cantune,
1167 2709 1235 2775 quod
1246 2723 1305 2770 pra·

214 2785 323 2836 cuualtlia
341 2785 452 2840 tributii.
470 2783 564 2850 quibus
582 2783 739 2846 plebeiima·
778 2788 835 2851 prle
852 2788 995 2850 augarluur.
1030 2786 1133 2836 Praeter
1154 2784 1211 2834 hoec
1232 2783 1304 2834 l'nere

213 2861 339 2924 giatratur
366 2857 531 2920 creabantur,
554 2858 741 2908 observabatur
778 2861 829 2911 elia
844 2859 1007 2910 divinatioair
1027 2873 1134 2924 genera,
1153 2858 1304 2920 auaplcium,

216 2936 319 2999 quidem
331 2935 364 2985 de
381 2936 460 2987 coelor
474 2935 519 2984 aed
532 2947 582 2984 acu
600 2934 739 2984 adhibeba·
777 2935 931 3000 arnapicina‚
952 2942 979 2986 et
1004 2935 1153 2986 cbaerratlo
1176 2933 1210 2981 de
1231 2933 1305 2982 culo.

214 3019 259 3061 tur
279 3013 363 3062 arium
379 3011 516 3074 lu'apectia.
547 3010 644 3060 Verum
664 3011 691 3060 iu
709 3011 740 3060 lia
777 3010 848 3061 Hinc
866 3011 971 3074 anepicii
990 3009 1144 3059 tcoebulutu
1164 3007 1199 3056 ab
1217 3006 1306 3055 aniana

213 3087 337 3151 comitile,
347 3097 403 3152 qun
411 3087 606 3149 uagutratuum
615 3085 739 3136 creandu-
775 3085 936 3150 impiciendc
953 3085 1041 3135 relatu
1060 3083 1213 3134 deductum.
1244 3081 1305 3132 der·

217 3175 272 3212 rum
289 3177 367 3212 maun
381 3161 488 3224 debant,
504 3159 537 3210 de
554 3160 619 3210 coelu
636 3173 739 3209 aarum
777 3157 1306 3224 vareaugureadecrelndieebautur,cnar

214 3236 405 3300 uaglrtratilrna
421 3249 473 3286 nan
487 3235 592 3290 licebat.
608 3248 641 3283 ue
652 3233 689 3283 aie
699 3248 740 3284 cc·
776 3235 952 3289 cbaenabaut
963 3251 995 3286 aa
1004 3237 1031 3284 iu
1042 3234 1102 3284 aire
1110 3239 1250 3298 appareret
1260 3245 1306 3281 ec·

215 3312 289 3362 mitia
299 3311 463 3376 impedirent.
496 3309 528 3359 ld
538 3323 662 3372 augnrrm
673 3315 740 3358 erat.
777 3323 832 3360 ram
844 3310 950 3374 ailquid,
960 3310 1052 3374 quibua
1067 3311 1128 3359 viria
1145 3323 1196 3357 acu
1211 3309 1307 3358 liceret

216 3385 278 3436 Nau
288 3387 356 3436 euim
365 3387 420 3436 aine
431 3385 571 3451 angaribna
582 3384 687 3434 comitia
697 3397 740 3434 cu·
777 3400 855 3450 agere
866 3401 924 3436 cata
934 3388 1047 3451 pupula;
1059 3385 1139 3435 relati
1146 3385 1169 3433 ri
1179 3381 1306 3438 lutatam.

211 3461 332 3526 junquaua
343 3463 452 3526 generis.
485 3459 518 3510 ld
528 3461 620 3510 saltem
629 3466 740 3522 canatur
777 3463 800 3512 ai
811 3461 945 3523 tauniaaet,
961 3461 985 3510 ai
1002 3461 1065 3526 quid
1080 3459 1114 3509 de
1128 3459 1194 3508 craia
1206 3464 1305 3507 tactura

216 3538 365 3600 prinaquaur
381 3537 583 3587 ommunicatus
601 3543 671 3586 earet
682 3551 739 3586 cum
776 3545 854 3592 earet,
865 3544 895 3587 nt
905 3535 932 3585 ld
942 3535 1134 3600 magistratibus
1144 3534 1305 3585 nuntiarent.

215 3613 292 3676 plebe
301 3614 455 3668 consuletur.
462 3613 499 3662 ita
506 3611 671 3677 patriciorum
680 3627 740 3677 pra·
776 3614 917 3678 Aruaplcen
927 3627 989 3663 reru
1004 3628 1037 3662 ex
1057 3612 1219 3662 rictiurarnaa
1235 3611 1305 3658 entia

216 3689 273 3751 pria
288 3687 370 3740 salue
380 3690 505 3753 anapicle,
518 3699 548 3738 nt
558 3697 585 3738 et
597 3689 644 3739 eali
655 3691 740 3755 auapl·
776 3691 867 3742 lrtura
877 3690 1062 3754 praedicebant.

215 3771 346 3826 emutat,
356 3771 384 3814 et
396 3765 444 3815 acll
459 3766 590 3829 auspicato
605 3767 740 3831 magiatra-
808 3775 821 3801 ¹
841 3767 941 3832 Apicerr
964 3767 1062 3830 dieta]
1082 3763 1144 3814 laid.
1162 3763 1236 3825 Orig.
1255 3763 1303 3812 lib.
1367 3787 1372 3796 ·

216 3847 258 3890 tua
268 3848 436 3900 crematum
449 3840 515 3890 adea
523 3842 667 3904 ul‚quotiea
675 3841 740 3892 nulli
777 3856 838 3892 ιιιι.
849 3858 908 3906 cap.
919 3847 960 3892 8⁰.
978 3843 1015 3891 alt
1026 3841 1125 3905 apicem
1137 3853 1195 3888 eece
1206 3838 1302 3900 piteun

215 3920 291 3964 eraut
310 3915 337 3963 iu
356 3929 412 3978 rep.
430 3916 539 3979 rnnjcrer
565 3918 740 3980 mgiatratna,
776 3919 862 3980 rutile,
880 3932 931 3983 quc
950 3916 1099 3966 racerdatea
1115 3911 1225 3976 uentilat
1246 3920 1303 3962 ate-

215 3989 340 4052 pericla·
355 3989 477 4053 patriciae
493 3987 625 4053 anaplcatu
640 3990 740 4042 dicere·
777 3992 888 4054 bantar3
910 3991 1068 4054 appeliatum
1091 3987 1125 4037 ab
1151 3987 1303 4051 ‘apiendn‚'

215 4073 259 4112 tar
270 4064 396 4126 interrex,
413 4065 457 4128 qni
475 4065 620 4115 centuriata
635 4067 742 4117 ceanltla
776 4063 986 4130 ideauttganda.
1020 4062 1114 4112 Featua
1130 4063 1303 4127 qmuercri·

216 4139 334 4188 creandis
345 4139 664 4201 maglatratibualtaberet.
776 4140 817 4189 bit
836 4155 892 4190 aare
911 4137 1096 4188 ‘Sacerdotula
1113 4138 1230 4198 iuaiguer
1249 4137 1305 4186 dic·

248 4223 265 4248 ¹·
291 4215 321 4264 di
338 4213 398 4278 pulli
416 4229 461 4265 ιιοιι
476 4217 614 4280 preater]
636 4215 741 4268 ludurlt
777 4215 998 4282 tunrabecqucd
1014 4215 1230 4282 comprehendere
1249 4215 1302 4264 riu·
