<?xml version="1.0" encoding="UTF-8"?>
<!DOCTYPE html PUBLIC "-//W3C//DTD XHTML 1.0 Transitional//EN"
    "http://www.w3.org/TR/xhtml1/DTD/xhtml1-transitional.dtd">
<html xmlns="http://www.w3.org/1999/xhtml" xml:lang="en" lang="en">
 <head>
  <title>
</title>
<meta http-equiv="Content-Type" content="text/html;charset=utf-8" />
  <meta name='ocr-system' content='tesseract 3.04.00' />
  <meta name='ocr-capabilities' content='ocr_page ocr_carea ocr_par ocr_line ocrx_word'/>
</head>
<body>
  <div class='ocr_page' id='page_1' title='image "./tliviipatavinih06rupegoog/tliviipatavinih06rupegoog_0128.png"; bbox 0 0 3150 4942; ppageno 0'>
   <div class='ocr_carea' id='block_1_1' title="bbox 276 401 896 467">
    <p class='ocr_par' dir='ltr' id='par_1_1' title="bbox 276 401 896 467">
     <span class='ocr_line' id='line_1_1' title="bbox 276 401 896 467; baseline -0.005 -1"><span class='ocrx_word' id='word_1_1' title='bbox 276 401 362 467; x_wconf 72' lang='lat'>1042</span> <span class='ocrx_word' id='word_1_2' title='bbox 741 417 776 463; x_wconf 82' lang='lat' dir='ltr'><strong>u.</strong></span> <span class='ocrx_word' id='word_1_3' title='bbox 801 415 896 464; x_wconf 80' lang='lat' dir='ltr'><strong>nrvrr</strong></span> 
     </span>
    </p>
   </div>
   <div class='ocr_carea' id='block_1_2' title="bbox 275 555 1373 642">
    <p class='ocr_par' dir='ltr' id='par_1_2' title="bbox 275 555 1373 642">
     <span class='ocr_line' id='line_1_2' title="bbox 275 555 1373 642; baseline 0.001 -19"><span class='ocrx_word' id='word_1_4' title='bbox 275 559 450 642; x_wconf 80' lang='lat' dir='ltr'><strong>patereris.</strong></span> <span class='ocrx_word' id='word_1_5' title='bbox 497 557 606 622; x_wconf 81' lang='lat' dir='ltr'><strong>Etiam</strong></span> <span class='ocrx_word' id='word_1_6' title='bbox 624 559 666 622; x_wconf 83' lang='lat' dir='ltr'><strong>ad</strong></span> <span class='ocrx_word' id='word_1_7' title='bbox 683 555 809 624; x_wconf 81' lang='lat' dir='ltr'><strong>Allium</strong></span> <span class='ocrx_word' id='word_1_8' title='bbox 829 558 914 623; x_wconf 82' lang='lat' dir='ltr'><strong>susae</strong></span> <span class='ocrx_word' id='word_1_9' title='bbox 935 557 1086 639; x_wconf 77' lang='lat' dir='ltr'><strong>legiones</strong></span> <span class='ocrx_word' id='word_1_10' title='bbox 1101 555 1254 634; x_wconf 80' lang='lat' dir='ltr'><strong>eandem,</strong></span> <span class='ocrx_word' id='word_1_11' title='bbox 1268 579 1373 642; x_wconf 82' lang='lat' dir='ltr'><strong>quern</strong></span> 
     </span>
    </p>
   </div>
   <div class='ocr_carea' id='block_1_3' title="bbox 274 659 1504 743">
    <p class='ocr_par' dir='ltr' id='par_1_3' title="bbox 274 659 1504 743">
     <span class='ocr_line' id='line_1_3' title="bbox 274 659 1504 743; baseline 0.001 -20"><span class='ocrx_word' id='word_1_12' title='bbox 274 681 333 743; x_wconf 90' lang='lat' dir='ltr'><strong>per</strong></span> <span class='ocrx_word' id='word_1_13' title='bbox 346 678 500 742; x_wconf 82' lang='lat' dir='ltr'><strong>pavorem</strong></span> <span class='ocrx_word' id='word_1_14' title='bbox 517 661 706 734; x_wconf 83' lang='lat' dir='ltr'><strong>emiserant,</strong></span> <span class='ocrx_word' id='word_1_15' title='bbox 720 661 872 741; x_wconf 78' lang='lat' dir='ltr'><strong>petriam,</strong></span> <span class='ocrx_word' id='word_1_16' title='bbox 884 661 1047 741; x_wconf 75' lang='lat' dir='ltr'><strong>profectae</strong></span> <span class='ocrx_word' id='word_1_17' title='bbox 1062 665 1182 741; x_wconf 81' lang='lat' dir='ltr'><strong>postea</strong></span> <span class='ocrx_word' id='word_1_18' title='bbox 1198 662 1241 723; x_wconf 79' lang='lat' dir='ltr'><strong>ab</strong></span> <span class='ocrx_word' id='word_1_19' title='bbox 1254 659 1379 737; x_wconf 61' lang='lat' dir='ltr'><strong>Veiis)</strong></span> <span class='ocrx_word' id='word_1_20' title='bbox 1500 717 1504 724; x_wconf 85' lang='grc'>.</span> 
     </span>
    </p>
   </div>
   <div class='ocr_carea' id='block_1_4' title="bbox 261 759 1414 3359">
    <p class='ocr_par' dir='ltr' id='par_1_4' title="bbox 261 759 1414 3359">
     <span class='ocr_line' id='line_1_4' title="bbox 274 759 1376 843; baseline 0 -19"><span class='ocrx_word' id='word_1_21' title='bbox 274 763 393 825; x_wconf 87' lang='lat' dir='ltr'><strong>virtute</strong></span> <span class='ocrx_word' id='word_1_22' title='bbox 408 779 657 843; x_wconf 82' lang='lat' dir='ltr'><strong>recuperavere.</strong></span> <span class='ocrx_word' id='word_1_23' title='bbox 701 760 824 835; x_wconf 91' lang='lat' dir='ltr'><strong>Nobis,</strong></span> <span class='ocrx_word' id='word_1_24' title='bbox 841 759 950 822; x_wconf 88' lang='lat' dir='ltr'><strong>Deum</strong></span> <span class='ocrx_word' id='word_1_25' title='bbox 970 760 1191 840; x_wconf 78' lang='lat' dir='ltr'><strong>benignitate,</strong></span> <span class='ocrx_word' id='word_1_26' title='bbox 1211 761 1376 825; x_wconf 78' lang='lat' dir='ltr'><strong>felicitate</strong></span> 
     </span>
     <span class='ocr_line' id='line_1_5' title="bbox 274 859 1375 944; baseline -0.001 -18"><span class='ocrx_word' id='word_1_27' title='bbox 274 869 332 926; x_wconf 81' lang='lat' dir='ltr'><strong>tue</strong></span> <span class='ocrx_word' id='word_1_28' title='bbox 343 860 530 944; x_wconf 83' lang='lat' dir='ltr'>populique</span> <span class='ocrx_word' id='word_1_29' title='bbox 545 860 702 940; x_wconf 77' lang='lat' dir='ltr'><strong>Remani,</strong></span> <span class='ocrx_word' id='word_1_30' title='bbox 717 868 751 925; x_wconf 92' lang='lat' dir='ltr'><strong>et</strong></span> <span class='ocrx_word' id='word_1_31' title='bbox 764 880 818 924; x_wconf 87' lang='lat' dir='ltr'><strong>res</strong></span> <span class='ocrx_word' id='word_1_32' title='bbox 837 867 871 924; x_wconf 88' lang='lat' dir='ltr'><strong>et</strong></span> <span class='ocrx_word' id='word_1_33' title='bbox 890 862 996 942; x_wconf 81' lang='lat' dir='ltr'><strong>gloria</strong></span> <span class='ocrx_word' id='word_1_34' title='bbox 1010 870 1061 926; x_wconf 89' lang='lat' dir='ltr'><strong>est</strong></span> <span class='ocrx_word' id='word_1_35' title='bbox 1074 863 1210 943; x_wconf 72' lang='lat' dir='ltr'><strong>integre</strong></span> <span class='ocrx_word' id='word_1_36' title='bbox 1255 859 1375 939; x_wconf 85' lang='lat' dir='ltr'><strong>Quan-</strong></span> 
     </span>
     <span class='ocr_line' id='line_1_6' title="bbox 273 961 1375 1045; baseline 0 -19"><span class='ocrx_word' id='word_1_37' title='bbox 273 981 374 1045; x_wconf 80' lang='lat' dir='ltr'><strong>quam</strong></span> <span class='ocrx_word' id='word_1_38' title='bbox 390 961 548 1041; x_wconf 74' lang='lat' dir='ltr'><strong>degloriet</strong></span> <span class='ocrx_word' id='word_1_39' title='bbox 562 964 619 1026; x_wconf 85' lang='lat' dir='ltr'><strong>vix</strong></span> <span class='ocrx_word' id='word_1_40' title='bbox 635 963 745 1026; x_wconf 89' lang='lat' dir='ltr'><strong>dicere</strong></span> <span class='ocrx_word' id='word_1_41' title='bbox 760 964 879 1039; x_wconf 87' lang='lat' dir='ltr'><strong>ausim,</strong></span> <span class='ocrx_word' id='word_1_42' title='bbox 895 963 925 1026; x_wconf 94' lang='lat' dir='ltr'><strong>si</strong></span> <span class='ocrx_word' id='word_1_43' title='bbox 947 963 1010 1028; x_wconf 86' lang='lat' dir='ltr'><strong>uos</strong></span> <span class='ocrx_word' id='word_1_44' title='bbox 1032 971 1069 1027; x_wconf 90' lang='lat' dir='ltr'><strong>et</strong></span> <span class='ocrx_word' id='word_1_45' title='bbox 1080 964 1192 1028; x_wconf 86' lang='lat' dir='ltr'><strong>hostes</strong></span> <span class='ocrx_word' id='word_1_46' title='bbox 1207 962 1295 1026; x_wconf 82' lang='lat' dir='ltr'><strong>bend</strong></span> <span class='ocrx_word' id='word_1_47' title='bbox 1318 983 1375 1026; x_wconf 89' lang='lat' dir='ltr'><strong>se·</strong></span> 
     </span>
     <span class='ocr_line' id='line_1_7' title="bbox 273 1062 1374 1146; baseline 0.001 -19"><span class='ocrx_word' id='word_1_48' title='bbox 273 1081 347 1140; x_wconf 89' lang='lat' dir='ltr'><strong>cus,</strong></span> <span class='ocrx_word' id='word_1_49' title='bbox 373 1081 472 1146; x_wconf 85' lang='lat' dir='ltr'><strong>quum</strong></span> <span class='ocrx_word' id='word_1_50' title='bbox 494 1062 660 1136; x_wconf 77' lang='lat' dir='ltr'><strong>foeminas,</strong></span> <span class='ocrx_word' id='word_1_51' title='bbox 682 1063 820 1126; x_wconf 87' lang='lat' dir='ltr'><strong>abditos</strong></span> <span class='ocrx_word' id='word_1_52' title='bbox 835 1063 921 1126; x_wconf 81' lang='lat' dir='ltr'><strong>intra</strong></span> <span class='ocrx_word' id='word_1_53' title='bbox 935 1064 1059 1128; x_wconf 86' lang='lat' dir='ltr'><strong>vallum</strong></span> <span class='ocrx_word' id='word_1_54' title='bbox 1084 1064 1239 1127; x_wconf 91' lang='lat' dir='ltr'><strong>omnibus</strong></span> <span class='ocrx_word' id='word_1_55' title='bbox 1254 1071 1374 1128; x_wconf 86' lang='lat' dir='ltr'><strong>cuntu-</strong></span> 
     </span>
     <span class='ocr_line' id='line_1_8' title="bbox 271 1163 1371 1245; baseline 0 -18"><span class='ocrx_word' id='word_1_56' title='bbox 271 1164 381 1228; x_wconf 88' lang='lat' dir='ltr'><strong>mcliis</strong></span> <span class='ocrx_word' id='word_1_57' title='bbox 396 1163 535 1226; x_wconf 88' lang='lat' dir='ltr'><strong>eludunt</strong></span> <span class='ocrx_word' id='word_1_58' title='bbox 545 1183 554 1240; x_wconf 82' lang='lat'>3</span> <span class='ocrx_word' id='word_1_59' title='bbox 565 1171 588 1200; x_wconf 92' lang='lat'><strong>¹¹</strong></span> <span class='ocrx_word' id='word_1_60' title='bbox 604 1168 637 1224; x_wconf 91' lang='lat' dir='ltr'><strong>et</strong></span> <span class='ocrx_word' id='word_1_61' title='bbox 652 1167 712 1238; x_wconf 83' lang='lat' dir='ltr'><strong>tu,·</strong></span> <span class='ocrx_word' id='word_1_62' title='bbox 727 1165 907 1244; x_wconf 82' lang='lat' dir='ltr'><strong>imperator</strong></span> <span class='ocrx_word' id='word_1_63' title='bbox 921 1169 1047 1240; x_wconf 87' lang='lat' dir='ltr'><strong>noster,</strong></span> <span class='ocrx_word' id='word_1_64' title='bbox 1061 1163 1153 1245; x_wconf 88' lang='lat' dir='ltr'><strong>quod</strong></span> <span class='ocrx_word' id='word_1_65' title='bbox 1169 1165 1292 1243; x_wconf 78' lang='lat' dir='ltr'><strong>aegrius</strong></span> <span class='ocrx_word' id='word_1_66' title='bbox 1308 1183 1371 1245; x_wconf 80' lang='lat' dir='ltr'><strong>pe·</strong></span> 
     </span>
     <span class='ocr_line' id='line_1_9' title="bbox 271 1263 1370 1341; baseline 0 -13"><span class='ocrx_word' id='word_1_67' title='bbox 271 1265 378 1341; x_wconf 91' lang='lat' dir='ltr'><strong>timur,</strong></span> <span class='ocrx_word' id='word_1_68' title='bbox 394 1265 580 1328; x_wconf 88' lang='lat' dir='ltr'><strong>exercitum</strong></span> <span class='ocrx_word' id='word_1_69' title='bbox 598 1269 691 1324; x_wconf 90' lang='lat' dir='ltr'><strong>tuum</strong></span> <span class='ocrx_word' id='word_1_70' title='bbox 712 1263 784 1324; x_wconf 88' lang='lat' dir='ltr'><strong>sine</strong></span> <span class='ocrx_word' id='word_1_71' title='bbox 810 1263 944 1338; x_wconf 81' lang='lat' dir='ltr'><strong>animis,</strong></span> <span class='ocrx_word' id='word_1_72' title='bbox 960 1265 1034 1326; x_wconf 90' lang='lat' dir='ltr'><strong>sine</strong></span> <span class='ocrx_word' id='word_1_73' title='bbox 1049 1264 1162 1340; x_wconf 83' lang='lat' dir='ltr'><strong>armis,</strong></span> <span class='ocrx_word' id='word_1_74' title='bbox 1178 1266 1248 1327; x_wconf 87' lang='lat' dir='ltr'><strong>sinc</strong></span> <span class='ocrx_word' id='word_1_75' title='bbox 1261 1267 1370 1329; x_wconf 82' lang='lat' dir='ltr'><strong>meni-</strong></span> 
     </span>
     <span class='ocr_line' id='line_1_10' title="bbox 270 1364 1371 1447; baseline 0.001 -19"><span class='ocrx_word' id='word_1_76' title='bbox 270 1365 333 1428; x_wconf 86' lang='lat' dir='ltr'><strong>bus</strong></span> <span class='ocrx_word' id='word_1_77' title='bbox 350 1365 486 1447; x_wconf 84' lang='lat' dir='ltr'><strong>judicus</strong></span> <span class='ocrx_word' id='word_1_78' title='bbox 513 1382 607 1442; x_wconf 90' lang='lat' dir='ltr'><strong>esse;</strong></span> <span class='ocrx_word' id='word_1_79' title='bbox 631 1370 667 1425; x_wconf 92' lang='lat' dir='ltr'><strong>et</strong></span> <span class='ocrx_word' id='word_1_80' title='bbox 690 1364 797 1445; x_wconf 86' lang='lat' dir='ltr'><strong>prius,</strong></span> <span class='ocrx_word' id='word_1_81' title='bbox 822 1383 922 1447; x_wconf 83' lang='lat' dir='ltr'><strong>quam</strong></span> <span class='ocrx_word' id='word_1_82' title='bbox 944 1372 1107 1446; x_wconf 86' lang='lat' dir='ltr'><strong>expertus</strong></span> <span class='ocrx_word' id='word_1_83' title='bbox 1127 1383 1191 1427; x_wconf 86' lang='lat' dir='ltr'><strong>nos</strong></span> <span class='ocrx_word' id='word_1_84' title='bbox 1205 1383 1309 1440; x_wconf 79' lang='lat' dir='ltr'><strong>esses,</strong></span> <span class='ocrx_word' id='word_1_85' title='bbox 1325 1364 1371 1429; x_wconf 90' lang='lat' dir='ltr'><strong>de</strong></span> 
     </span>
     <span class='ocr_line' id='line_1_11' title="bbox 269 1464 1369 1545; baseline 0.004 -19"><span class='ocrx_word' id='word_1_86' title='bbox 269 1467 368 1528; x_wconf 90' lang='lat' dir='ltr'><strong>nobis</strong></span> <span class='ocrx_word' id='word_1_87' title='bbox 383 1467 431 1529; x_wconf 85' lang='lat' dir='ltr'><strong>ite</strong></span> <span class='ocrx_word' id='word_1_88' title='bbox 454 1464 654 1545; x_wconf 76' lang='lat' dir='ltr'><strong>desperasti,</strong></span> <span class='ocrx_word' id='word_1_89' title='bbox 673 1469 709 1528; x_wconf 94' lang='lat' dir='ltr'><strong>ut</strong></span> <span class='ocrx_word' id='word_1_90' title='bbox 732 1471 764 1529; x_wconf 91' lang='lat' dir='ltr'><strong>te</strong></span> <span class='ocrx_word' id='word_1_91' title='bbox 787 1485 980 1529; x_wconf 81' lang='lat' dir='ltr'><strong>mancorum</strong></span> <span class='ocrx_word' id='word_1_92' title='bbox 1002 1485 1042 1529; x_wconf 83' lang='lat' dir='ltr'><strong>uc</strong></span> <span class='ocrx_word' id='word_1_93' title='bbox 1064 1465 1226 1530; x_wconf 82' lang='lat' dir='ltr'><strong>debilium</strong></span> <span class='ocrx_word' id='word_1_94' title='bbox 1248 1465 1369 1530; x_wconf 92' lang='lat' dir='ltr'><strong>ducem</strong></span> 
     </span>
     <span class='ocr_line' id='line_1_12' title="bbox 264 1563 1368 1644; baseline 0.001 -16"><span class='ocrx_word' id='word_1_95' title='bbox 264 1563 437 1644; x_wconf 83' lang='lat' dir='ltr'><strong>judicares</strong></span> <span class='ocrx_word' id='word_1_96' title='bbox 463 1583 549 1628; x_wconf 85' lang='lat' dir='ltr'><strong>esse·</strong></span> <span class='ocrx_word' id='word_1_97' title='bbox 603 1563 697 1641; x_wconf 85' lang='lat' dir='ltr'><strong>Quid</strong></span> <span class='ocrx_word' id='word_1_98' title='bbox 720 1564 808 1628; x_wconf 87' lang='lat' dir='ltr'><strong>enim</strong></span> <span class='ocrx_word' id='word_1_99' title='bbox 831 1564 1019 1629; x_wconf 79' lang='lat' dir='ltr'><strong>aliudesse</strong></span> <span class='ocrx_word' id='word_1_100' title='bbox 1041 1583 1157 1629; x_wconf 75' lang='lat' dir='ltr'><strong>causae</strong></span> <span class='ocrx_word' id='word_1_101' title='bbox 1179 1564 1368 1644; x_wconf 80' lang='lat' dir='ltr'><strong>credemus,</strong></span> 
     </span>
     <span class='ocr_line' id='line_1_13' title="bbox 270 1664 1368 1748; baseline 0.001 -19"><span class='ocrx_word' id='word_1_102' title='bbox 270 1685 330 1729; x_wconf 91' lang='lat' dir='ltr'><strong>cur</strong></span> <span class='ocrx_word' id='word_1_103' title='bbox 357 1672 534 1728; x_wconf 81' lang='lat' dir='ltr'><strong>ueteranus</strong></span> <span class='ocrx_word' id='word_1_104' title='bbox 563 1665 646 1742; x_wconf 89' lang='lat' dir='ltr'><strong>dux,</strong></span> <span class='ocrx_word' id='word_1_105' title='bbox 672 1665 877 1729; x_wconf 85' lang='lat' dir='ltr'><strong>fortissimus</strong></span> <span class='ocrx_word' id='word_1_106' title='bbox 901 1665 1004 1743; x_wconf 89' lang='lat' dir='ltr'><strong>bello,</strong></span> <span class='ocrx_word' id='word_1_107' title='bbox 1033 1664 1251 1746; x_wconf 76' lang='lat' dir='ltr'><strong>compressis,</strong></span> <span class='ocrx_word' id='word_1_108' title='bbox 1276 1666 1368 1748; x_wconf 88' lang='lat' dir='ltr'><strong>qnod</strong></span> 
     </span>
     <span class='ocr_line' id='line_1_14' title="bbox 269 1764 1368 1848; baseline 0 -19"><span class='ocrx_word' id='word_1_109' title='bbox 269 1767 374 1840; x_wconf 84' lang='lat' dir='ltr'><strong>aiunt,</strong></span> <span class='ocrx_word' id='word_1_110' title='bbox 389 1766 543 1829; x_wconf 83' lang='lat' dir='ltr'><strong>menibus</strong></span> <span class='ocrx_word' id='word_1_111' title='bbox 558 1764 702 1829; x_wconf 81' lang='lat' dir='ltr'><strong>sedeest</strong></span> <span class='ocrx_word' id='word_1_112' title='bbox 742 1764 931 1848; x_wconf 83' lang='lat' dir='ltr'><strong>Utcumque</strong></span> <span class='ocrx_word' id='word_1_113' title='bbox 945 1766 1032 1828; x_wconf 91' lang='lat' dir='ltr'><strong>enim</strong></span> <span class='ocrx_word' id='word_1_114' title='bbox 1048 1785 1085 1828; x_wconf 86' lang='lat' dir='ltr'><strong>se</strong></span> <span class='ocrx_word' id='word_1_115' title='bbox 1100 1764 1200 1828; x_wconf 77' lang='lat' dir='ltr'><strong>babet</strong></span> <span class='ocrx_word' id='word_1_116' title='bbox 1210 1770 1236 1802; x_wconf 85' lang='lat'><strong>¹²</strong></span> <span class='ocrx_word' id='word_1_117' title='bbox 1250 1783 1316 1841; x_wconf 85' lang='lat' dir='ltr'><strong>res,</strong></span> <span class='ocrx_word' id='word_1_118' title='bbox 1333 1775 1368 1829; x_wconf 90' lang='lat' dir='ltr'><strong>te</strong></span> 
     </span>
     <span class='ocr_line' id='line_1_15' title="bbox 269 1864 1367 1952; baseline 0.001 -23"><span class='ocrx_word' id='word_1_119' title='bbox 269 1865 312 1930; x_wconf 89' lang='lat' dir='ltr'><strong>dc</strong></span> <span class='ocrx_word' id='word_1_120' title='bbox 324 1871 436 1930; x_wconf 79' lang='lat' dir='ltr'><strong>nostra</strong></span> <span class='ocrx_word' id='word_1_121' title='bbox 450 1869 571 1930; x_wconf 85' lang='lat' dir='ltr'><strong>virtute</strong></span> <span class='ocrx_word' id='word_1_122' title='bbox 592 1866 767 1952; x_wconf 74' lang='lat' dir='ltr'><strong>dubitasse</strong></span> <span class='ocrx_word' id='word_1_123' title='bbox 783 1864 899 1942; x_wconf 85' lang='lat' dir='ltr'><strong>videri,</strong></span> <span class='ocrx_word' id='word_1_124' title='bbox 923 1884 1023 1948; x_wconf 84' lang='lat' dir='ltr'><strong>quern</strong></span> <span class='ocrx_word' id='word_1_125' title='bbox 1037 1884 1100 1928; x_wconf 84' lang='lat' dir='ltr'><strong>nos</strong></span> <span class='ocrx_word' id='word_1_126' title='bbox 1115 1866 1157 1928; x_wconf 89' lang='lat' dir='ltr'><strong>de</strong></span> <span class='ocrx_word' id='word_1_127' title='bbox 1171 1872 1240 1942; x_wconf 83' lang='lat' dir='ltr'><strong>tua,</strong></span> <span class='ocrx_word' id='word_1_128' title='bbox 1256 1866 1367 1930; x_wconf 84' lang='lat' dir='ltr'><strong>verius</strong></span> 
     </span>
     <span class='ocr_line' id='line_1_16' title="bbox 269 1965 1365 2048; baseline 0.002 -20"><span class='ocrx_word' id='word_1_129' title='bbox 269 1971 329 2030; x_wconf 81' lang='lat' dir='ltr'><strong>est</strong></span> <span class='ocrx_word' id='word_1_130' title='bbox 362 1965 422 2029; x_wconf 89' lang='lat' dir='ltr'><strong>Sin</strong></span> <span class='ocrx_word' id='word_1_131' title='bbox 438 1972 551 2030; x_wconf 86' lang='lat' dir='ltr'><strong>eutem</strong></span> <span class='ocrx_word' id='word_1_132' title='bbox 563 1984 629 2030; x_wconf 89' lang='lat' dir='ltr'><strong>non</strong></span> <span class='ocrx_word' id='word_1_133' title='bbox 642 1972 734 2029; x_wconf 90' lang='lat' dir='ltr'><strong>tuum</strong></span> <span class='ocrx_word' id='word_1_134' title='bbox 747 1967 847 2040; x_wconf 86' lang='lat' dir='ltr'><strong>istuc,</strong></span> <span class='ocrx_word' id='word_1_135' title='bbox 856 1965 915 2030; x_wconf 90' lang='lat' dir='ltr'><strong>sed</strong></span> <span class='ocrx_word' id='word_1_136' title='bbox 930 1966 1102 2048; x_wconf 91' lang='lat' dir='ltr'><strong>publicum</strong></span> <span class='ocrx_word' id='word_1_137' title='bbox 1113 1971 1166 2030; x_wconf 89' lang='lat' dir='ltr'><strong>est</strong></span> <span class='ocrx_word' id='word_1_138' title='bbox 1181 1965 1365 2044; x_wconf 90' lang='lat' dir='ltr'><strong>consilium,</strong></span> 
     </span>
     <span class='ocr_line' id='line_1_17' title="bbox 268 2059 1366 2149; baseline -0.001 -18"><span class='ocrx_word' id='word_1_139' title='bbox 268 2074 303 2131; x_wconf 89' lang='lat' dir='ltr'><strong>et</strong></span> <span class='ocrx_word' id='word_1_140' title='bbox 318 2085 499 2131; x_wconf 87' lang='lat' dir='ltr'><strong>consensus</strong></span> <span class='ocrx_word' id='word_1_141' title='bbox 514 2067 635 2149; x_wconf 85' lang='lat' dir='ltr'><strong>aliquis</strong></span> <span class='ocrx_word' id='word_1_142' title='bbox 650 2059 799 2142; x_wconf 80' lang='lat' dir='ltr'><strong>Petrum,</strong></span> <span class='ocrx_word' id='word_1_143' title='bbox 814 2084 880 2130; x_wconf 90' lang='lat' dir='ltr'><strong>non</strong></span> <span class='ocrx_word' id='word_1_144' title='bbox 896 2065 1066 2130; x_wconf 84' lang='lat' dir='ltr'><strong>Gallicum</strong></span> <span class='ocrx_word' id='word_1_145' title='bbox 1082 2064 1220 2142; x_wconf 89' lang='lat' dir='ltr'><strong>bellum,</strong></span> <span class='ocrx_word' id='word_1_146' title='bbox 1241 2085 1306 2130; x_wconf 86' lang='lat' dir='ltr'><strong>nos</strong></span> <span class='ocrx_word' id='word_1_147' title='bbox 1320 2067 1366 2130; x_wconf 82' lang='lat' dir='ltr'><strong>ab</strong></span> 
     </span>
     <span class='ocr_line' id='line_1_18' title="bbox 266 2167 1364 2252; baseline -0.001 -20"><span class='ocrx_word' id='word_1_148' title='bbox 266 2171 359 2246; x_wconf 91' lang='lat' dir='ltr'><strong>urbe,</strong></span> <span class='ocrx_word' id='word_1_149' title='bbox 387 2189 407 2232; x_wconf 83' lang='lat' dir='ltr'><strong>a</strong></span> <span class='ocrx_word' id='word_1_150' title='bbox 435 2169 611 2249; x_wconf 84' lang='lat' dir='ltr'><strong>penatibus</strong></span> <span class='ocrx_word' id='word_1_151' title='bbox 634 2168 759 2232; x_wconf 88' lang='lat' dir='ltr'><strong>nostris</strong></span> <span class='ocrx_word' id='word_1_152' title='bbox 782 2167 957 2248; x_wconf 75' lang='lat' dir='ltr'><strong>ablegatos</strong></span> <span class='ocrx_word' id='word_1_153' title='bbox 982 2173 1090 2247; x_wconf 82' lang='lat' dir='ltr'><strong>tenet3</strong></span> <span class='ocrx_word' id='word_1_154' title='bbox 1112 2186 1243 2252; x_wconf 81' lang='lat' dir='ltr'><strong>qnaeso,</strong></span> <span class='ocrx_word' id='word_1_155' title='bbox 1257 2174 1296 2232; x_wconf 90' lang='lat' dir='ltr'><strong>ut</strong></span> <span class='ocrx_word' id='word_1_156' title='bbox 1309 2187 1364 2246; x_wconf 82' lang='lat' dir='ltr'><strong>ee,</strong></span> 
     </span>
     <span class='ocr_line' id='line_1_19' title="bbox 266 2268 1364 2356; baseline 0.001 -22"><span class='ocrx_word' id='word_1_157' title='bbox 266 2289 342 2356; x_wconf 80' lang='lat' dir='ltr'><strong>quse</strong></span> <span class='ocrx_word' id='word_1_158' title='bbox 355 2271 503 2346; x_wconf 81' lang='lat' dir='ltr'><strong>dicam,¹³</strong></span> <span class='ocrx_word' id='word_1_159' title='bbox 517 2288 582 2333; x_wconf 90' lang='lat' dir='ltr'><strong>non</strong></span> <span class='ocrx_word' id='word_1_160' title='bbox 597 2287 619 2333; x_wconf 83' lang='lat' dir='ltr'>a</span> <span class='ocrx_word' id='word_1_161' title='bbox 632 2268 794 2333; x_wconf 88' lang='lat' dir='ltr'><strong>militibus</strong></span> <span class='ocrx_word' id='word_1_162' title='bbox 809 2269 1004 2352; x_wconf 80' lang='lat' dir='ltr'><strong>imperatori</strong></span> <span class='ocrx_word' id='word_1_163' title='bbox 1021 2269 1112 2332; x_wconf 82' lang='lat' dir='ltr'><strong>dicta</strong></span> <span class='ocrx_word' id='word_1_164' title='bbox 1131 2287 1285 2347; x_wconf 80' lang='lat' dir='ltr'><strong>censeas,</strong></span> <span class='ocrx_word' id='word_1_165' title='bbox 1300 2271 1364 2335; x_wconf 86' lang='lat' dir='ltr'><strong>sed</strong></span> 
     </span>
     <span class='ocr_line' id='line_1_20' title="bbox 266 2369 1363 2454; baseline 0 -19"><span class='ocrx_word' id='word_1_166' title='bbox 266 2391 288 2436; x_wconf 82' lang='lat' dir='ltr'><strong>s</strong></span> <span class='ocrx_word' id='word_1_167' title='bbox 303 2371 399 2454; x_wconf 85' lang='lat' dir='ltr'><strong>plebe</strong></span> <span class='ocrx_word' id='word_1_168' title='bbox 415 2370 593 2449; x_wconf 78' lang='lat' dir='ltr'><strong>Patribus3</strong></span> <span class='ocrx_word' id='word_1_169' title='bbox 616 2388 705 2452; x_wconf 78' lang='lat' dir='ltr'><strong>quse,</strong></span> <span class='ocrx_word' id='word_1_170' title='bbox 720 2370 807 2434; x_wconf 86' lang='lat' dir='ltr'><strong>sicut</strong></span> <span class='ocrx_word' id='word_1_171' title='bbox 821 2389 884 2433; x_wconf 88' lang='lat' dir='ltr'><strong>vos</strong></span> <span class='ocrx_word' id='word_1_172' title='bbox 906 2375 1015 2434; x_wconf 82' lang='lat' dir='ltr'><strong>vestra</strong></span> <span class='ocrx_word' id='word_1_173' title='bbox 1034 2369 1191 2432; x_wconf 78' lang='lat' dir='ltr'><strong>babeatis</strong></span> <span class='ocrx_word' id='word_1_174' title='bbox 1205 2370 1363 2447; x_wconf 78' lang='lat' dir='ltr'><strong>consilia,</strong></span> 
     </span>
     <span class='ocr_line' id='line_1_21' title="bbox 264 2468 1363 2547; baseline -0.001 -12"><span class='ocrx_word' id='word_1_175' title='bbox 264 2472 313 2535; x_wconf 91' lang='lat' dir='ltr'><strong>sic</strong></span> <span class='ocrx_word' id='word_1_176' title='bbox 329 2491 367 2533; x_wconf 90' lang='lat' dir='ltr'><strong>se</strong></span> <span class='ocrx_word' id='word_1_177' title='bbox 384 2490 447 2533; x_wconf 84' lang='lat' dir='ltr'><strong>sue</strong></span> <span class='ocrx_word' id='word_1_178' title='bbox 461 2470 650 2534; x_wconf 79' lang='lat' dir='ltr'><strong>habituram</strong></span> <span class='ocrx_word' id='word_1_179' title='bbox 666 2469 767 2533; x_wconf 84' lang='lat' dir='ltr'><strong>dicet.</strong></span> <span class='ocrx_word' id='word_1_180' title='bbox 813 2468 902 2547; x_wconf 83' lang='lat' dir='ltr'><strong>Quis</strong></span> <span class='ocrx_word' id='word_1_181' title='bbox 919 2468 1051 2532; x_wconf 85' lang='lat' dir='ltr'><strong>tandem</strong></span> <span class='ocrx_word' id='word_1_182' title='bbox 1068 2474 1280 2547; x_wconf 79' lang='lat' dir='ltr'><strong>succensent,</strong></span> <span class='ocrx_word' id='word_1_183' title='bbox 1300 2472 1363 2534; x_wconf 93' lang='lat' dir='ltr'><strong>mi·</strong></span> 
     </span>
     <span class='ocr_line' id='line_1_22' title="bbox 262 2568 1400 2646; baseline 0.001 -12"><span class='ocrx_word' id='word_1_184' title='bbox 262 2571 339 2635; x_wconf 85' lang='lat' dir='ltr'><strong>lites</strong></span> <span class='ocrx_word' id='word_1_185' title='bbox 354 2590 416 2634; x_wconf 89' lang='lat' dir='ltr'><strong>nos</strong></span> <span class='ocrx_word' id='word_1_186' title='bbox 431 2589 518 2646; x_wconf 89' lang='lat' dir='ltr'><strong>esse,</strong></span> <span class='ocrx_word' id='word_1_187' title='bbox 533 2587 600 2632; x_wconf 90' lang='lat' dir='ltr'><strong>non</strong></span> <span class='ocrx_word' id='word_1_188' title='bbox 623 2588 741 2633; x_wconf 88' lang='lat' dir='ltr'><strong>servos</strong></span> <span class='ocrx_word' id='word_1_189' title='bbox 764 2572 916 2634; x_wconf 75' lang='lat' dir='ltr'><strong>vostrost</strong></span> <span class='ocrx_word' id='word_1_190' title='bbox 939 2571 984 2633; x_wconf 79' lang='lat' dir='ltr'><strong>ed</strong></span> <span class='ocrx_word' id='word_1_191' title='bbox 1005 2568 1139 2646; x_wconf 90' lang='lat' dir='ltr'><strong>bellum,</strong></span> <span class='ocrx_word' id='word_1_192' title='bbox 1154 2588 1220 2632; x_wconf 88' lang='lat' dir='ltr'><strong>non</strong></span> <span class='ocrx_word' id='word_1_193' title='bbox 1236 2570 1271 2633; x_wconf 94' lang='lat' dir='ltr'><strong>in</strong></span> <span class='ocrx_word' id='word_1_194' title='bbox 1286 2572 1362 2635; x_wconf 80' lang='lat' dir='ltr'><strong>exi·</strong></span> <span class='ocrx_word' id='word_1_195' title='bbox 1393 2585 1400 2593; x_wconf 87' lang='grc'><em>·</em></span> 
     </span>
     <span class='ocr_line' id='line_1_23' title="bbox 262 2669 1360 2751; baseline 0.003 -18"><span class='ocrx_word' id='word_1_196' title='bbox 262 2669 357 2748; x_wconf 92' lang='lat' dir='ltr'><strong>lium,</strong></span> <span class='ocrx_word' id='word_1_197' title='bbox 372 2670 519 2734; x_wconf 75' lang='lat' dir='ltr'><strong>missust</strong></span> <span class='ocrx_word' id='word_1_198' title='bbox 536 2671 565 2732; x_wconf 90' lang='lat' dir='ltr'><strong>si</strong></span> <span class='ocrx_word' id='word_1_199' title='bbox 581 2669 657 2751; x_wconf 86' lang='lat' dir='ltr'><strong>quis</strong></span> <span class='ocrx_word' id='word_1_200' title='bbox 674 2670 731 2732; x_wconf 95' lang='lat' dir='ltr'><strong>det</strong></span> <span class='ocrx_word' id='word_1_201' title='bbox 746 2669 891 2751; x_wconf 84' lang='lat' dir='ltr'><strong>signum,</strong></span> <span class='ocrx_word' id='word_1_202' title='bbox 903 2671 938 2734; x_wconf 93' lang='lat' dir='ltr'><strong>in</strong></span> <span class='ocrx_word' id='word_1_203' title='bbox 953 2669 1057 2734; x_wconf 83' lang='lat' dir='ltr'><strong>aciem</strong></span> <span class='ocrx_word' id='word_1_204' title='bbox 1076 2669 1207 2746; x_wconf 85' lang='lat' dir='ltr'><strong>educat,</strong></span> <span class='ocrx_word' id='word_1_205' title='bbox 1223 2676 1262 2735; x_wconf 89' lang='lat' dir='ltr'><strong>ut</strong></span> <span class='ocrx_word' id='word_1_206' title='bbox 1276 2672 1360 2736; x_wconf 81' lang='lat' dir='ltr'><strong>viris</strong></span> 
     </span>
     <span class='ocr_line' id='line_1_24' title="bbox 263 2770 1359 2856; baseline 0.001 -20"><span class='ocrx_word' id='word_1_207' title='bbox 263 2791 303 2835; x_wconf 84' lang='lat' dir='ltr'><strong>ac</strong></span> <span class='ocrx_word' id='word_1_208' title='bbox 330 2771 495 2836; x_wconf 82' lang='lat' dir='ltr'><strong>Romanis</strong></span> <span class='ocrx_word' id='word_1_209' title='bbox 518 2770 653 2851; x_wconf 83' lang='lat' dir='ltr'><strong>dignum</strong></span> <span class='ocrx_word' id='word_1_210' title='bbox 677 2771 730 2848; x_wconf 90' lang='lat' dir='ltr'><strong>sit,</strong></span> <span class='ocrx_word' id='word_1_211' title='bbox 753 2774 987 2853; x_wconf 83' lang='lat' dir='ltr'><strong>pugnaturost</strong></span> <span class='ocrx_word' id='word_1_212' title='bbox 1009 2772 1039 2834; x_wconf 88' lang='lat' dir='ltr'><strong>si</strong></span> <span class='ocrx_word' id='word_1_213' title='bbox 1053 2771 1135 2834; x_wconf 91' lang='lat' dir='ltr'><strong>nibil</strong></span> <span class='ocrx_word' id='word_1_214' title='bbox 1152 2772 1256 2834; x_wconf 84' lang='lat' dir='ltr'><strong>ermis</strong></span> <span class='ocrx_word' id='word_1_215' title='bbox 1271 2793 1359 2856; x_wconf 87' lang='lat' dir='ltr'><strong>opus</strong></span> 
     </span>
     <span class='ocr_line' id='line_1_25' title="bbox 262 2872 1359 2955; baseline 0.003 -19"><span class='ocrx_word' id='word_1_216' title='bbox 262 2873 319 2952; x_wconf 81' lang='lat' dir='ltr'><strong>sit,</strong></span> <span class='ocrx_word' id='word_1_217' title='bbox 339 2874 444 2936; x_wconf 92' lang='lat' dir='ltr'><strong>otium</strong></span> <span class='ocrx_word' id='word_1_218' title='bbox 460 2872 580 2938; x_wconf 86' lang='lat' dir='ltr'><strong>Romae</strong></span> <span class='ocrx_word' id='word_1_219' title='bbox 599 2873 719 2955; x_wconf 83' lang='lat' dir='ltr'><strong>potius,</strong></span> <span class='ocrx_word' id='word_1_220' title='bbox 741 2891 843 2954; x_wconf 86' lang='lat' dir='ltr'><strong>quam</strong></span> <span class='ocrx_word' id='word_1_221' title='bbox 859 2873 1039 2948; x_wconf 86' lang='lat' dir='ltr'><strong>incastris,</strong></span> <span class='ocrx_word' id='word_1_222' title='bbox 1062 2873 1224 2936; x_wconf 78' lang='lat' dir='ltr'><strong>acturust</strong></span> <span class='ocrx_word' id='word_1_223' title='bbox 1269 2874 1359 2939; x_wconf 83' lang='lat' dir='ltr'><strong>llaec</strong></span> 
     </span>
     <span class='ocr_line' id='line_1_26' title="bbox 262 2973 1359 3055; baseline 0.003 -17"><span class='ocrx_word' id='word_1_224' title='bbox 262 2973 353 3040; x_wconf 83' lang='lat' dir='ltr'><strong>dicta</strong></span> <span class='ocrx_word' id='word_1_225' title='bbox 368 2975 434 3040; x_wconf 91' lang='lat' dir='ltr'><strong>sint</strong></span> <span class='ocrx_word' id='word_1_226' title='bbox 449 2975 618 3039; x_wconf 83' lang='lat' dir='ltr'><strong>Patribus.</strong></span> <span class='ocrx_word' id='word_1_227' title='bbox 660 2973 724 3050; x_wconf 86' lang='lat' dir='ltr'><strong>Te,</strong></span> <span class='ocrx_word' id='word_1_228' title='bbox 738 2974 928 3055; x_wconf 83' lang='lat' dir='ltr'><strong>imperator,</strong></span> <span class='ocrx_word' id='word_1_229' title='bbox 943 2973 1069 3036; x_wconf 82' lang='lat' dir='ltr'><strong>milites</strong></span> <span class='ocrx_word' id='word_1_230' title='bbox 1092 2973 1141 3036; x_wconf 91' lang='lat' dir='ltr'><strong>tui</strong></span> <span class='ocrx_word' id='word_1_231' title='bbox 1160 2992 1306 3051; x_wconf 83' lang='lat' dir='ltr'><strong>oremus,</strong></span> <span class='ocrx_word' id='word_1_232' title='bbox 1321 2988 1359 3040; x_wconf 90' lang='lat' dir='ltr'><strong>ut</strong></span> 
     </span>
     <span class='ocr_line' id='line_1_27' title="bbox 261 3071 1358 3159; baseline 0.001 -21"><span class='ocrx_word' id='word_1_233' title='bbox 261 3077 380 3139; x_wconf 83' lang='lat' dir='ltr'><strong>nobis¹¹</strong></span> <span class='ocrx_word' id='word_1_234' title='bbox 395 3076 566 3159; x_wconf 79' lang='lat' dir='ltr'><strong>pugnandi</strong></span> <span class='ocrx_word' id='word_1_235' title='bbox 588 3075 722 3155; x_wconf 81' lang='lat' dir='ltr'><strong>copiam</strong></span> <span class='ocrx_word' id='word_1_236' title='bbox 746 3073 864 3137; x_wconf 85' lang='lat' dir='ltr'><strong>secies.</strong></span> <span class='ocrx_word' id='word_1_237' title='bbox 907 3071 992 3136; x_wconf 83' lang='lat' dir='ltr'><strong>Cum</strong></span> <span class='ocrx_word' id='word_1_238' title='bbox 1003 3079 1030 3120; x_wconf 88' lang='lat'><strong>¹⁴</strong></span> <span class='ocrx_word' id='word_1_239' title='bbox 1043 3073 1176 3136; x_wconf 87' lang='lat' dir='ltr'><strong>vincere</strong></span> <span class='ocrx_word' id='word_1_240' title='bbox 1193 3076 1358 3156; x_wconf 88' lang='lat' dir='ltr'><strong>cupimus,</strong></span> 
     </span>
     <span class='ocr_line' id='line_1_28' title="bbox 261 3173 1357 3255; baseline 0.003 -19"><span class='ocrx_word' id='word_1_241' title='bbox 261 3181 332 3238; x_wconf 93' lang='lat' dir='ltr'><strong>tum</strong></span> <span class='ocrx_word' id='word_1_242' title='bbox 356 3175 398 3237; x_wconf 90' lang='lat' dir='ltr'><strong>de</strong></span> <span class='ocrx_word' id='word_1_243' title='bbox 422 3174 508 3238; x_wconf 92' lang='lat' dir='ltr'><strong>duce</strong></span> <span class='ocrx_word' id='word_1_244' title='bbox 534 3175 685 3253; x_wconf 79' lang='lat' dir='ltr'><strong>vincerc3</strong></span> <span class='ocrx_word' id='word_1_245' title='bbox 708 3175 768 3237; x_wconf 84' lang='lat' dir='ltr'><strong>tibi</strong></span> <span class='ocrx_word' id='word_1_246' title='bbox 790 3173 937 3237; x_wconf 80' lang='lat' dir='ltr'><strong>lauream</strong></span> <span class='ocrx_word' id='word_1_247' title='bbox 952 3173 1115 3255; x_wconf 84' lang='lat' dir='ltr'><strong>insignem</strong></span> <span class='ocrx_word' id='word_1_248' title='bbox 1136 3173 1284 3254; x_wconf 88' lang='lat' dir='ltr'><strong>deserre;</strong></span> <span class='ocrx_word' id='word_1_249' title='bbox 1308 3183 1357 3239; x_wconf 90' lang='lat' dir='ltr'><strong>te·</strong></span> 
     </span>
     <span class='ocr_line' id='line_1_29' title="bbox 261 3275 1414 3359; baseline 0.002 -21"><span class='ocrx_word' id='word_1_250' title='bbox 261 3293 338 3338; x_wconf 92' lang='lat' dir='ltr'><strong>cum</strong></span> <span class='ocrx_word' id='word_1_251' title='bbox 363 3276 605 3359; x_wconf 81' lang='lat' dir='ltr'><strong>triumphantes</strong></span> <span class='ocrx_word' id='word_1_252' title='bbox 631 3275 756 3340; x_wconf 85' lang='lat' dir='ltr'><strong>Urbem</strong></span> <span class='ocrx_word' id='word_1_253' title='bbox 783 3275 883 3357; x_wconf 87' lang='lat' dir='ltr'><strong>inire;</strong></span> <span class='ocrx_word' id='word_1_254' title='bbox 905 3285 1000 3339; x_wconf 89' lang='lat' dir='ltr'><strong>tunm</strong></span> <span class='ocrx_word' id='word_1_255' title='bbox 1023 3279 1200 3357; x_wconf 88' lang='lat' dir='ltr'><strong>sequentes</strong></span> <span class='ocrx_word' id='word_1_256' title='bbox 1224 3293 1354 3340; x_wconf 86' lang='lat' dir='ltr'><strong>currum</strong></span> <span class='ocrx_word' id='word_1_257' title='bbox 1406 3284 1414 3301; x_wconf 88' lang='lat'>&#39;</span> 
     </span>
    </p>
   </div>
   <div class='ocr_carea' id='block_1_5' title="bbox 291 3443 1039 3510">
    <p class='ocr_par' dir='ltr' id='par_1_5' title="bbox 291 3443 1039 3510">
     <span class='ocr_line' id='line_1_30' title="bbox 291 3443 1039 3510; baseline -0.012 -8"><span class='ocrx_word' id='word_1_258' title='bbox 291 3453 304 3476; x_wconf 79' lang='lat'>⁸</span> <span class='ocrx_word' id='word_1_259' title='bbox 322 3443 516 3508; x_wconf 66' lang='lat' dir='ltr'><strong>Qwudoquidem</strong></span> <span class='ocrx_word' id='word_1_260' title='bbox 525 3448 581 3497; x_wconf 79' lang='lat' dir='ltr'><strong>binc</strong></span> <span class='ocrx_word' id='word_1_261' title='bbox 590 3447 657 3497; x_wconf 78' lang='lat' dir='ltr'><strong>nolis</strong></span> <span class='ocrx_word' id='word_1_262' title='bbox 666 3447 744 3496; x_wconf 76' lang='lat' dir='ltr'><strong>better</strong></span> <span class='ocrx_word' id='word_1_263' title='bbox 754 3443 878 3507; x_wconf 70' lang='lat' dir='ltr'><strong>innitent,</strong></span> <span class='ocrx_word' id='word_1_264' title='bbox 888 3446 943 3496; x_wconf 74' lang='lat' dir='ltr'><strong>inde</strong></span> <span class='ocrx_word' id='word_1_265' title='bbox 954 3450 988 3502; x_wconf 76' lang='lat' dir='ltr'><strong>tu,</strong></span> <span class='ocrx_word' id='word_1_266' title='bbox 998 3449 1039 3510; x_wconf 55' lang='lat' dir='ltr'><strong>te.</strong></span> 
     </span>
    </p>
   </div>
   <div class='ocr_carea' id='block_1_6' title="bbox 258 3683 1353 3911">
    <p class='ocr_par' dir='ltr' id='par_1_6' title="bbox 258 3683 1353 3911">
     <span class='ocr_line' id='line_1_31' title="bbox 292 3683 1351 3780; baseline 0 -12"><span class='ocrx_word' id='word_1_267' title='bbox 292 3723 324 3768; x_wconf 83' lang='lat' dir='ltr'><strong>m</strong></span> <span class='ocrx_word' id='word_1_268' title='bbox 340 3719 418 3780; x_wconf 70' lang='lat' dir='ltr'><strong>vulg.</strong></span> <span class='ocrx_word' id='word_1_269' title='bbox 429 3717 604 3766; x_wconf 58' lang='lat' dir='ltr'><strong>murtrum-rr</strong></span> <span class='ocrx_word' id='word_1_270' title='bbox 623 3717 698 3779; x_wconf 78' lang='lat' dir='ltr'><strong>conj.</strong></span> <span class='ocrx_word' id='word_1_271' title='bbox 709 3683 1029 3780; x_wconf 55' lang='lat' dir='ltr'><strong>nouere-..ima</strong></span> <span class='ocrx_word' id='word_1_272' title='bbox 1041 3721 1280 3770; x_wconf 54' lang='lat' dir='ltr'><strong>...auant-re</strong></span> <span class='ocrx_word' id='word_1_273' title='bbox 1297 3720 1351 3769; x_wconf 64' lang='lat' dir='ltr'><strong>ue</strong></span> 
     </span>
     <span class='ocr_line' id='line_1_32' title="bbox 258 3782 1353 3847; baseline 0.002 -15"><span class='ocrx_word' id='word_1_274' title='bbox 258 3783 310 3832; x_wconf 78' lang='lat' dir='ltr'><strong>teat</strong></span> <span class='ocrx_word' id='word_1_275' title='bbox 325 3782 558 3844; x_wconf 78' lang='lat' dir='ltr'><strong>Gronnr.Doujnt.</strong></span> <span class='ocrx_word' id='word_1_276' title='bbox 577 3783 691 3830; x_wconf 84' lang='lat' dir='ltr'><strong>Crevier.</strong></span> <span class='ocrx_word' id='word_1_277' title='bbox 704 3782 812 3829; x_wconf 78' lang='lat' dir='ltr'><strong>ull-lt</strong></span> <span class='ocrx_word' id='word_1_278' title='bbox 833 3783 908 3846; x_wconf 73' lang='lat' dir='ltr'><strong>vulg.</strong></span> <span class='ocrx_word' id='word_1_279' title='bbox 927 3798 1004 3844; x_wconf 73' lang='lat' dir='ltr'><strong>quase</strong></span> <span class='ocrx_word' id='word_1_280' title='bbox 1020 3790 1047 3833; x_wconf 72' lang='lat' dir='ltr'><strong>st</strong></span> <span class='ocrx_word' id='word_1_281' title='bbox 1061 3785 1275 3847; x_wconf 66' lang='lat' dir='ltr'><strong>quaetenus-ll</strong></span> <span class='ocrx_word' id='word_1_282' title='bbox 1292 3785 1353 3834; x_wconf 67' lang='lat' dir='ltr'><strong>lira</strong></span> 
     </span>
     <span class='ocr_line' id='line_1_33' title="bbox 265 3844 1043 3911; baseline 0.004 -16"><span class='ocrx_word' id='word_1_283' title='bbox 265 3845 380 3900; x_wconf 83' lang='lat' dir='ltr'><strong>Gronov.</strong></span> <span class='ocrx_word' id='word_1_284' title='bbox 392 3847 498 3911; x_wconf 84' lang='lat' dir='ltr'><strong>Dcujst.</strong></span> <span class='ocrx_word' id='word_1_285' title='bbox 510 3846 625 3896; x_wconf 85' lang='lat' dir='ltr'><strong>Crevier.</strong></span> <span class='ocrx_word' id='word_1_286' title='bbox 658 3844 719 3895; x_wconf 88' lang='lat' dir='ltr'><strong>Vid.</strong></span> <span class='ocrx_word' id='word_1_287' title='bbox 732 3845 796 3894; x_wconf 84' lang='lat' dir='ltr'><strong>Not.</strong></span> <span class='ocrx_word' id='word_1_288' title='bbox 807 3844 854 3895; x_wconf 80' lang='lat' dir='ltr'><strong>inf.</strong></span> <span class='ocrx_word' id='word_1_289' title='bbox 867 3856 895 3897; x_wconf 82' lang='lat' dir='ltr'><strong>et</strong></span> <span class='ocrx_word' id='word_1_290' title='bbox 908 3847 968 3897; x_wconf 81' lang='lat' dir='ltr'><strong>Not.</strong></span> <span class='ocrx_word' id='word_1_291' title='bbox 979 3849 1043 3898; x_wconf 75' lang='lat' dir='ltr'><strong>Ver.</strong></span> 
     </span>
    </p>
   </div>
   <div class='ocr_carea' id='block_1_7' title="bbox 749 3991 856 4042">
    <p class='ocr_par' dir='ltr' id='par_1_7' title="bbox 749 3991 856 4042">
     <span class='ocr_line' id='line_1_34' title="bbox 749 3991 856 4042; baseline 0 0"><span class='ocrx_word' id='word_1_292' title='bbox 749 3991 856 4042; x_wconf 68' lang='lat' dir='ltr'><strong>Noun</strong></span> 
     </span>
    </p>
   </div>
   <div class='ocr_carea' id='block_1_8' title="bbox 256 4088 1352 4306">
    <p class='ocr_par' dir='ltr' id='par_1_8' title="bbox 256 4088 1352 4306">
     <span class='ocr_line' id='line_1_35' title="bbox 288 4088 1351 4155; baseline 0.002 -17"><span class='ocrx_word' id='word_1_293' title='bbox 288 4091 296 4121; x_wconf 77' lang='lat'>⁸</span> <span class='ocrx_word' id='word_1_294' title='bbox 312 4088 429 4148; x_wconf 72' lang='lat' dir='ltr'><strong>Perfecta</strong></span> <span class='ocrx_word' id='word_1_295' title='bbox 442 4093 522 4152; x_wconf 79' lang='lat' dir='ltr'><strong>putea</strong></span> <span class='ocrx_word' id='word_1_296' title='bbox 532 4089 561 4138; x_wconf 78' lang='lat' dir='ltr'><strong>ab</strong></span> <span class='ocrx_word' id='word_1_297' title='bbox 575 4090 652 4154; x_wconf 74' lang='lat' dir='ltr'><strong>Veiis]</strong></span> <span class='ocrx_word' id='word_1_298' title='bbox 669 4089 724 4141; x_wconf 86' lang='lat' dir='ltr'><strong>Sub</strong></span> <span class='ocrx_word' id='word_1_299' title='bbox 732 4090 781 4141; x_wconf 74' lang='lat' dir='ltr'><strong>Cn·</strong></span> <span class='ocrx_word' id='word_1_300' title='bbox 821 4094 890 4139; x_wconf 78' lang='lat' dir='ltr'><strong>tette</strong></span> <span class='ocrx_word' id='word_1_301' title='bbox 908 4088 1023 4141; x_wconf 78' lang='lat' dir='ltr'><strong>Gronov.</strong></span> <span class='ocrx_word' id='word_1_302' title='bbox 1039 4096 1142 4140; x_wconf 81' lang='lat' dir='ltr'><strong>veteres</strong></span> <span class='ocrx_word' id='word_1_303' title='bbox 1159 4090 1263 4155; x_wconf 71' lang='lat' dir='ltr'><strong>quidem</strong></span> <span class='ocrx_word' id='word_1_304' title='bbox 1279 4089 1351 4153; x_wconf 87' lang='lat' dir='ltr'><strong>libri,</strong></span> 
     </span>
     <span class='ocr_line' id='line_1_36' title="bbox 256 4163 1352 4229; baseline 0.001 -14"><span class='ocrx_word' id='word_1_305' title='bbox 256 4164 335 4215; x_wconf 81' lang='lat' dir='ltr'><strong>millo.</strong></span> <span class='ocrx_word' id='word_1_306' title='bbox 351 4164 411 4214; x_wconf 87' lang='lat' dir='ltr'><strong>Vid.</strong></span> <span class='ocrx_word' id='word_1_307' title='bbox 423 4163 467 4214; x_wconf 89' lang='lat' dir='ltr'><strong>lib.</strong></span> <span class='ocrx_word' id='word_1_308' title='bbox 477 4178 503 4213; x_wconf 86' lang='lat' dir='ltr'><strong>v.</strong></span> <span class='ocrx_word' id='word_1_309' title='bbox 514 4180 573 4228; x_wconf 74' lang='lat' dir='ltr'><strong>cup.</strong></span> <span class='ocrx_word' id='word_1_310' title='bbox 585 4171 626 4217; x_wconf 79' lang='grc'><strong>46.</strong></span> <span class='ocrx_word' id='word_1_311' title='bbox 637 4175 665 4216; x_wconf 84' lang='lat' dir='ltr'><strong>et</strong></span> <span class='ocrx_word' id='word_1_312' title='bbox 675 4171 717 4217; x_wconf 81' lang='lat' dir='ltr'><strong>te.</strong></span> <span class='ocrx_word' id='word_1_313' title='bbox 822 4164 867 4228; x_wconf 88' lang='lat' dir='ltr'><strong>qni</strong></span> <span class='ocrx_word' id='word_1_314' title='bbox 886 4164 1037 4229; x_wconf 68' lang='lat' dir='ltr'><strong>perticulam</strong></span> <span class='ocrx_word' id='word_1_315' title='bbox 1056 4170 1083 4214; x_wconf 68' lang='grc' dir='ltr'><strong>ιι</strong></span> <span class='ocrx_word' id='word_1_316' title='bbox 1101 4167 1229 4229; x_wconf 67' lang='lat' dir='ltr'><strong>ignorent,</strong></span> <span class='ocrx_word' id='word_1_317' title='bbox 1246 4167 1352 4216; x_wconf 70' lang='grc' dir='ltr'><strong>Ονιιιω</strong></span> 
     </span>
     <span class='ocr_line' id='line_1_37' title="bbox 287 4237 1213 4306; baseline 0 -16"><span class='ocrx_word' id='word_1_318' title='bbox 287 4247 298 4274; x_wconf 84' lang='grc'><strong><em>·</em></strong></span> <span class='ocrx_word' id='word_1_319' title='bbox 328 4241 439 4306; x_wconf 64' lang='lat' dir='ltr'><strong>mm,</strong></span> <span class='ocrx_word' id='word_1_320' title='bbox 460 4245 488 4289; x_wconf 77' lang='lat' dir='ltr'><strong>ut</strong></span> <span class='ocrx_word' id='word_1_321' title='bbox 514 4239 593 4302; x_wconf 74' lang='lat' dir='ltr'><strong>nolis]</strong></span> <span class='ocrx_word' id='word_1_322' title='bbox 621 4239 782 4305; x_wconf 69' lang='lat' dir='ltr'><strong>Elegantius,</strong></span> <span class='ocrx_word' id='word_1_323' title='bbox 822 4237 1213 4304; x_wconf 67' lang='lat' dir='ltr'><strong>miitwndicopimsnciu.</strong></span> 
     </span>
    </p>
   </div>
   <div class='ocr_carea' id='block_1_9' title="bbox 0 0 1580 4942">
    <p class='ocr_par' dir='ltr' id='par_1_9' title="bbox 0 0 1580 4942">
     <span class='ocr_line' id='line_1_38' title="bbox 0 0 1580 4942; baseline 0 9"><span class='ocrx_word' id='word_1_324' title='bbox 0 0 1580 4942; x_wconf 95' lang='lat' dir='ltr'><strong> </strong></span> 
     </span>
    </p>
   </div>
  </div>
 </body>
</html>
