3150 4942
295 427 361 494 956
762 439 797 487 Τ.
819 439 916 488 mvn

295 586 445 652 fecerat-¹
488 580 561 648 Nec
574 581 733 646 adversus
745 578 959 646 dictatoriam
975 581 1042 646 rim
1062 581 1254 645 auttribnnl
1269 581 1392 664 plebis,

297 693 358 752 ant
368 687 445 768 ipsa
458 683 565 766 plebs,
580 683 731 748 attollere
746 683 862 746 oculos
877 690 935 746 aut
946 682 1074 747 hiscere
1087 683 1264 747 audebant.
1301 682 1393 746 Con-

291 789 387 871 jecto
408 787 443 850 in
464 803 630 852 carcerem
656 782 799 859 Manlio,
821 785 908 846 satis
928 787 1072 859 constat,
1085 803 1238 865 magnam
1260 791 1392 866 partem

295 889 406 972 plebis
429 891 555 950 vestem
577 891 753 961 mutasse*
772 884 901 948 multos
916 885 1073 948 mortales
1086 885 1246 966 capillum
1262 903 1303 948 ac
1315 886 1393 948 bar·

296 991 375 1058 bam
389 987 591 1071 promisisse,
606 986 883 1068 obuersatamque
900 985 1062 1050 vestibulo
1077 988 1222 1050 carceris
1235 991 1390 1049 moestam

295 1093 438 1156 turbam.
496 1087 654 1152 Dictator
682 1085 724 1150 de
753 1084 890 1150 Volscis
921 1087 1157 1169 triumphavit:
1190 1086 1392 1167 inuidiaeque

296 1192 405 1273 magis
425 1188 622 1271 triumphus,
645 1206 745 1270 quam
772 1187 896 1268 gloriae,
915 1187 1000 1253 snit!
1042 1187 1180 1270 Quippe
1203 1187 1307 1263 domi,
1327 1206 1393 1250 non

296 1291 437 1370 militiae,
461 1295 590 1372 partum
616 1307 710 1370 eum3
740 1295 920 1370 actumque
945 1289 988 1354 de
1013 1290 1101 1366 eive,
1126 1307 1194 1352 non
1219 1287 1392 1375 denhoste,

294 1393 496 1458 fremebant:
518 1409 618 1454 unum
634 1389 782 1454 defuisse
797 1399 924 1455 tantum
946 1392 1124 1473 superbies,
1140 1389 1231 1473 quod
1251 1407 1319 1452 non
1341 1387 1392 1451 M.

297 1493 449 1572 Manlius
473 1497 550 1556 ants
574 1511 703 1556 currum
728 1492 773 1556 sit
802 1491 935 1557 ductus.
988 1492 1135 1576 Jamque
1155 1491 1246 1555 hand
1274 1489 1392 1574 procul

297 1592 461 1660 seditione
476 1611 530 1656 res
544 1598 632 1656 erat:
654 1592 750 1674 cnjus
764 1591 929 1658 leniendae
943 1613 1059 1670 causa,
1074 1593 1268 1676 postulante
1289 1592 1392 1667 nullo,

297 1695 433 1780 largitor
445 1694 654 1760 voluntarius
675 1701 813 1777 repente
826 1701 964 1759 senatus
976 1695 1100 1772 factus,
1115 1694 1280 1758 Satricum
1302 1693 1394 1757 eolo·

297 1796 389 1860 uiam
412 1795 480 1859 duo
502 1795 607 1858 millia
629 1795 752 1859 civium
776 1795 1003 1860 Reminomm
1019 1794 1139 1859 deduci
1151 1795 1263 1878 jussit.
1307 1795 1393 1857 Bina

292 1896 413 1978 jugera
428 1903 463 1960 et
478 1897 633 1959 semisses
648 1896 718 1975 agri
733 1895 905 1975 assignati.
948 1895 1049 1974 Quod
1065 1914 1143 1960 cum
1157 1902 1190 1958 et
1204 1913 1344 1977 parvum
1359 1903 1394 1958 et

296 1997 418 2080 paucis
432 1997 560 2074 datum
575 2004 609 2061 et
622 1995 805 2059 mercedem
820 2014 897 2059 csse
910 1996 1071 2079 prodendi
1087 1997 1138 2059 Μ.
1154 1995 1273 2058 Manlii
1294 1995 1394 2059 inter-

297 2101 524 2178 pretarentur;
546 2095 691 2159 remedio
714 2096 858 2158 irritatur
880 2096 1012 2160 seditio.
1056 2095 1100 2159 Et
1120 2097 1192 2178 jam
1218 2097 1324 2178 magis
1345 2099 1394 2161 in·

298 2197 403 2277 signis
425 2196 479 2260 et⁶
500 2196 657 2260 sordibus
680 2201 714 2259 et
735 2196 823 2259 facie
845 2215 974 2259 reorum
998 2198 1094 2260 turba
1115 2195 1286 2261 Manliana
1309 2205 1393 2273 erat,

297 2305 497 2379 amotusque
513 2305 592 2379 post
606 2296 806 2378 triumphum
822 2297 1034 2361 abdicatione
1048 2297 1221 2363 dictaturae
1236 2303 1339 2363 terror
1359 2308 1394 2362 et

297 2394 445 2478 linguam
461 2403 494 2460 et
510 2398 639 2460 animos
653 2395 854 2460 liberaverat
869 2397 1049 2461 hominum.

341 2496 396 2558 17.
418 2495 651 2559 Audiebantur
665 2498 779 2578 itaque
798 2497 970 2581 propalam
996 2517 1097 2562 voces
1119 2501 1393 2582 exprobrantium

222 2661 227 2670 ,
297 2595 510 2670 multitudini,
527 2594 639 2677 ‘quod
663 2595 857 2661 defensores
872 2619 957 2663 suos
971 2619 1104 2682 semper
1126 2601 1160 2664 in
1184 2602 1394 2684 praecipitem

296 2694 409 2758 locum
419 2704 431 2744 ⁷
441 2695 553 2758 farore
563 2695 668 2771 tollat,
678 2696 798 2760 deinde
807 2698 843 2760 in
855 2699 930 2781 ipso
940 2699 1130 2765 discrimine
1138 2701 1278 2783 periculi
1292 2701 1393 2766 desti-

298 2801 382 2858 tuat.
426 2795 483 2859 Sic
504 2795 563 2879 Sp.
580 2795 762 2874 Cassium,⁸
773 2798 807 2861 in
821 2818 918 2880 agros
928 2800 1059 2882 plebem
1069 2810 1256 2880 vocantem,
1267 2801 1318 2869 slc
1332 2801 1393 2886 Sp.

298 2895 476 2972 Maellum‚²'
497 2898 541 2962 ab
563 2916 619 2961 ore
640 2897 764 2962 ciuium
785 2900 907 2964 samem
922 2903 995 2964 suis
1015 2903 1178 2986 impensis
1194 2905 1395 2987 propulsan-

193 3019 204 3026 ·
297 3001 376 3075 tem,
402 3017 603 3081 oppressos;
627 2999 676 3063 sic
688 2997 740 3062 M.
755 3000 936 3080 Manlium,
953 3023 1095 3068 mersam
1107 3014 1142 3069 et
1157 3005 1313 3070 obrutam
1327 3005 1392 3068 foe-

298 3117 374 3161 nere
390 3105 519 3182 partem
536 3099 684 3164 civitatis
701 3101 734 3166 in
749 3101 939 3166 libertatem
955 3123 996 3168 ac
1011 3103 1121 3170 lucem
1139 3106 1394 3190 extrahentem,‘

329 3267 339 3292 .
355 3259 522 3372 appara,
532 3263 646 3326 affirm
661 3265 786 3328 parare
797 3266 1000 3322 scamaras,
1010 3269 1120 3318 amur«
1134 3243 1241 3331 auem
1250 3268 1345 3328 saera
1355 3268 1392 3318 a·

297 3339 484 3451 “wamba
493 3389 624 3454 triumphus
633 3393 712 3442 odiam
721 3394 801 3455 pollen
810 3407 881 3457 queas
890 3395 959 3478 dem
968 3394 1051 3444 attam
1065 3394 1174 3444 Cornelio
1187 3395 1267 3447 Carra.
1372 3433 1377 3442 .

754 3519 798 3540 ue
802 3519 937 3539 ΟΜΝ

330 3602 344 3646 ⁵
364 3595 512 3646 Delendam
529 3604 617 3647 meoet
633 3599 697 3649 Tan.
716 3599 809 3652 Faber.
827 3601 856 3650 rb
875 3608 1013 3652 aeram-tl
1030 3605 1064 3652 Et
1082 3603 1134 3653 del.
1151 3602 1270 3652 Gronov.
1284 3604 1393 3666 Dcojat.

299 3660 415 3710 Crevier.
427 3661 470 3708 all.

791 3728 900 3781 NOTAE

329 3829 339 3854 ²
360 3819 452 3870 Vestras
466 3817 579 3881 aalma]
597 3820 681 3871 Notos
697 3837 762 3886 mes,
773 3838 824 3888 qua
895 3834 908 3861 ⁸
923 3827 966 3889 Sp.
980 3825 1099 3890 Graiam]
1117 3827 1216 3877 ubas.
1226 3840 1251 3876 c.
1261 3831 1290 3876 4.

297 3911 348 3945 nnn
369 3897 444 3946 modo
464 3896 575 3945 illustres
600 3897 648 3956 rei,
669 3898 714 3948 aed
736 3913 824 3948 eornm
894 3900 906 3934 l
922 3902 965 3964 Sp.
977 3901 1098 3966 Malam]
1115 3902 1172 3951 Lib.
1184 3915 1223 3951 rr.
1235 3917 1259 3951 c.
1271 3907 1312 3952 1⁴1

296 3985 398 4035 quoque
415 3972 554 4022 necessarii
573 3977 601 4020 et
618 3974 702 4034 amici,
718 3981 775 4025 atra
795 3983 823 4026 et
893 3985 904 4010 ⁸
921 3977 951 4024 la
959 3977 1127 4026 libertatemr
1138 3975 1393 4040 masalmam]

297 4045 403 4096 sordida
420 4055 503 4102 reate,
521 4051 655 4099 aummisro
674 4053 777 4115 capillo,
796 4061 824 4102 et
862 4050 1086 4101 Foenosdnetibua
1098 4052 1231 4114 assimilat,
1242 4053 1335 4117 quibos
1346 4053 1393 4100 de-

297 4122 387 4180 barba‚
410 4135 511 4184 punam
531 4123 745 4186 deprecabantur.
784 4128 823 4176 Ut
862 4128 939 4176 mersi
961 4128 1053 4176 calcar
1077 4128 1171 4176 intueri
1195 4142 1245 4177 uon
1266 4135 1392 4193 posrnnt3

297 4209 329 4248 ao
345 4199 464 4262 squalore
482 4213 513 4248 ae
530 4197 637 4248 deformi
649 4201 735 4251 habito
747 4202 822 4252 mise·
862 4204 907 4255 ubi
919 4218 1057 4268 emersere,
1067 4207 1151 4256 lncern
1163 4207 1300 4270 aspiciunt.

296 4273 431 4325 ricordiam
438 4273 557 4340 judicum
570 4283 746 4340 prouocarent.
