3150 4942
348 452 434 523 1288
816 472 851 518 a.
877 468 970 517 urvrt

348 613 493 691 sileant!
509 631 681 697 nunquam
698 611 741 675 ab
757 610 870 692 equite
885 609 993 685 hoste,
1003 629 1171 692 nunquam
1187 628 1209 672 a
1224 608 1346 691 pedite,
1357 628 1424 672 nun·
1506 595 1507 618 i

347 735 449 799 quarn
464 720 582 798 aperta
597 715 681 789 acie,
696 730 865 795 nunquam
885 712 1006 793 aequis,
1020 712 1135 794 utique
1155 718 1343 793 nunquam¹
1363 730 1427 773 nos·

348 818 408 881 tris
431 818 534 883 locis·
556 814 792 880 laboravimus.
839 812 1023 893 Equitem,⁴
1043 814 1195 893 sagittas,
1212 812 1320 874 saltus
1341 812 1427 893 impe-

348 917 450 995 ditos,
475 918 552 981 auia
576 916 819 981 commeatibus
843 914 921 978 ioca
945 914 1056 996 gravis
1078 915 1182 977 armis
1210 912 1309 975 miles
1332 913 1427 975 umere

347 1024 470 1104 potest.
516 1016 611 1081 Mille
635 1018 737 1092 acies,
759 1016 930 1096 grauiores
954 1034 1053 1098 quam
1087 1014 1315 1077 Macedonum
1343 1022 1428 1094 atque

346 1120 543 1195 Alexandri,
559 1120 680 1184 avertit
703 1122 917 1201 avertetque3
939 1116 1041 1180 modo
1064 1118 1109 1180 sit
1130 1124 1318 1199 perpetuus
1336 1114 1427 1197 liujus,

345 1240 413 1305 qua
429 1224 585 1297 vivimus,
600 1222 697 1302 pacis
713 1240 806 1285 amor
819 1226 852 1281 et
866 1217 978 1283 civilis
994 1237 1073 1282 cura
1091 1216 1298 1282 concordiae.

387 1324 441 1387 20.
465 1322 515 1385 M.
539 1322 676 1385 Foslius
700 1322 910 1386 Flacciuator
931 1321 1006 1383 inde
1028 1332 1063 1383 et
1086 1319 1125 1381 L.
1148 1319 1309 1381 Plautius
1323 1314 1424 1379 Venno

346 1423 506 1487 consules
523 1423 630 1487 iacti·
675 1422 725 1486 Eo
739 1440 828 1485 anno
849 1423 892 1485 ab
913 1420 1144 1504 frequentibus
1166 1420 1366 1483 Samnitium
1380 1436 1427 1497 po

345 1524 436 1605 pulis
452 1525 494 1588 de
510 1524 636 1588 soedere
651 1520 845 1587 renovando
859 1520 976 1604 legati,
987 1540 1065 1585 oum
1076 1528 1230 1584 senatum
1244 1519 1335 1582 humi
1347 1517 1427 1579 strati

345 1626 540 1701 movissent,
555 1624 674 1707 rejecti
688 1623 730 1687 ad
747 1622 910 1706 populum
924 1621 1183 1704 haudquaquam
1199 1630 1270 1685 tam
1289 1618 1427 1682 efficaces

345 1724 514 1790 habebant
535 1744 667 1808 preces.
712 1724 844 1807 Itaque,
865 1723 994 1788 loedere
1015 1729 1163 1804 negato,⁵
1184 1722 1332 1785 induciae
1352 1719 1425 1782 bieo-

345 1826 404 1901 nii,
432 1846 508 1891 cum
538 1846 599 1909 per
623 1826 751 1909 aliquot
775 1826 850 1891 dies
874 1826 1074 1907 fatigassent
1096 1823 1249 1905 singulos
1275 1822 1425 1905 precibus,

344 1927 544 2013 impetratas.
590 1926 633 1993 Et
647 1946 691 1991 ex
706 1926 835 2009 Apulia
847 1922 1085 1989 Teanensos⁶'
1103 1924 1356 2009 Canusinique¹
1375 1938 1425 2002 po·

375 2068 389 2103 ¹
406 2062 541 2111 Danaam
552 2060 637 2111 bellam
645 2060 716 2110 cisiis
725 2060 816 2110 stultum
826 2060 867 2107 sit.

803 2186 905 2206 noun
909 2185 982 2206 ΝΝΙ

342 2274 358 2319 2
374 2269 434 2319 Vera
445 2271 560 2320 Gronov.
573 2270 681 2333 Doujat.
695 2270 812 2319 crerier.
823 2271 916 2318 all-³
934 2270 942 2296 ‘
957 2267 1181 2318 l’ortedrlendarn
1191 2282 1320 2331 nusquam,
1331 2262 1425 2325 arquis

342 2334 422 2397 utique
440 2338 527 2385 nastris
541 2334 721 2399 jungendum)
739 2335 829 2384 Bauer.
862 2334 924 2382 Vid.
947 2335 1009 2383 Not.
1027 2334 1140 2382 Van-t
1156 2335 1164 2360 ‘
1180 2333 1297 2395 Equidem
1312 2333 1336 2380 in
1353 2326 1422 2377 nattis

343 2398 408 2446 Mas.
421 2407 476 2448 est:
499 2414 556 2461 quer
573 2400 652 2447 lectio
669 2397 832 2447 manifestam
849 2400 951 2458 quidem
969 2398 1036 2446 tollit
1048 2396 1358 2458 contradictionemque
1368 2403 1423 2439 nanc

343 2462 418 2512 adest
436 2464 462 2512 in
483 2463 532 2522 itis,
550 2462 696 2527 ‘uunquam
718 2463 750 2511 ab
767 2464 858 2527 equite
876 2464 949 2511 ltoste
967 2462 1140 2510 laboravimus
1172 2470 1201 2509 et
1219 2463 1349 2524 ‘equitem
1364 2456 1422 2504 milet

343 2527 436 2575 tinere
453 2524 564 2589 potestr’
585 2536 671 2576 tamen
689 2541 775 2575 ueram
796 2542 851 2575 earu
868 2528 1034 2590 pronuntiare
1054 2540 1105 2574 non
1124 2526 1215 2573 audeo.
1251 2528 1343 2587 Neque
1357 2518 1423 2568 babet

343 2590 411 2651 quod
424 2590 578 2639 substituam
591 2592 650 2640 huic
662 2590 777 2651 lectioni,
787 2592 836 2639 nisi
848 2592 918 2640 torte
931 2592 1046 2654 Equitum
1056 2590 1160 2651 sagittas
1170 2603 1216 2652 pro
1228 2589 1349 2651 Equites,
1361 2583 1423 2644 sosii·

342 2657 388 2713 tas,
400 2654 537 2715 legendum
550 2654 593 2702 sit.
628 2655 744 2716 Equitum
753 2656 941 2717 sagittarumque
954 2670 1016 2703 uoce
1028 2658 1060 2703 ad
1077 2655 1164 2703 Crassi
1176 2654 1280 2702 cladem
1292 2654 1337 2715 ipsi
1348 2649 1422 2698 arar·

343 2716 394 2767 this
406 2714 529 2767 indictam
543 2717 621 2766 aliudl
629 2718 685 2780 jam
694 2718 783 2766 docuit
796 2718 1042 2769 Drakenborchius.’
1056 2718 1148 2767 Strati„
1183 2718 1322 2767 ‘Genuiua
1332 2714 1422 2764 tannae

342 2790 382 2829 est
394 2781 475 2831 lectio
485 2782 622 2830 multorum
636 2783 697 2831 Mss.
711 2783 836 2845 Equidem,
848 2798 905 2847 quas
918 2791 1018 2833 mutata
1030 2786 1056 2831 in
1068 2783 1182 2845 Equitem
1192 2782 1297 2830 uidetur
1307 2781 1339 2829 ab
1347 2781 1381 2832 tir,
1388 2774 1424 2836 qui

341 2846 407 2895 banc
430 2846 585 2908 particulam
606 2861 664 2897 cum
689 2861 801 2909 persona
823 2849 903 2896 tertia
926 2849 1034 2909 positam
1050 2862 1100 2896 uou
1122 2845 1191 2894 ferre
1208 2856 1338 2907 poterant.
1368 2839 1421 2889 (Μ

342 2920 428 2959 tamen
440 2912 513 2973 lmjus
529 2912 665 2973 particulae
682 2924 739 2960 cum
758 2925 871 2973 persons
886 2914 963 2961 tertia
976 2913 1080 2974 probari
1093 2918 1181 2973 potest
1194 2912 1295 2960 idoneis
1306 2905 1422 2968 exemplis·

341 2973 401 3023 Vid.
413 2976 517 3025 Ernesti
531 2977 671 3026 Glaucus.
683 2990 738 3025 ur.
757 2975 913 3040 ‘equidem'
946 2977 1055 3026 interitu
1075 2974 1171 3034 fateor,
1186 2989 1237 3038 sne,
1253 2977 1309 3024 sire
1325 2971 1422 3035 aarum

339 3040 394 3087 sive
408 3040 630 3104 Equitemlegeris,
639 3039 786 3089 desiderare
797 3042 873 3102 plane
884 3040 1010 3090 orationis
1020 3054 1116 3090 nexum
1128 3048 1181 3087 tarn
1192 3054 1249 3088 cum
1261 3033 1420 3089 antecedenti·

342 3102 398 3160 bus,
410 3119 485 3166 quarn
498 3118 555 3153 cunr
567 3105 743 3168 sequentibus.
776 3104 813 3154 At
824 3109 927 3169 egregie
946 3106 1031 3154 omnia
1046 3104 1222 3161 coherebaot,
1232 3106 1253 3151 si
1267 3119 1315 3166 pra
1325 3100 1421 3163 ΕΜ·

339 3180 439 3216 mecum
451 3170 607 3231 reposueris,
622 3167 689 3231 Saepe
700 3168 804 3231 quiden,
816 3178 844 3217 et
856 3170 1010 3231 particulam
1020 3170 1063 3217 sed
1078 3176 1139 3217 ante
1150 3168 1220 3216 Mille
1232 3166 1373 3217 inserueris.
1394 3160 1422 3208 Εῑ

339 3231 377 3278 sic
389 3232 478 3279 Livius
490 3246 571 3296 neque
583 3234 709 3296 insignem
721 3234 807 3282 Crassi
816 3232 927 3292 cladem,
938 3234 1092 3281 Partlrorum
1104 3234 1207 3295 sagittis
1218 3230 1419 3289 tutissimaeque

339 3308 420 3357 grase
434 3294 495 3344 illud
507 3296 653 3355 discrimen.
666 3311 717 3361 quo
726 3298 751 3346 in
765 3298 881 3346 Frrrrntts
890 3298 1014 3347 Caudinis
1023 3297 1291 3346 laboravitesercltns
1302 3299 1419 3345 Romanas,

340 3358 516 3409 dissimulasse
529 3361 649 3411 uidetur!
666 3362 781 3423 Deerism
824 3362 1013 3426 Corrigendum
1025 3370 1114 3411 manet
1126 3362 1234 3424 Duujst.
1246 3374 1280 3410 ex
1291 3362 1384 3412 bierun-
1393 3350 1420 3398 Bi

342 3424 437 3486 quidem
448 3425 568 3475 Samnites
579 3428 662 3474 saltus.

373 3492 387 3535 5
405 3487 445 3536 De
456 3488 549 3547 federe
565 3495 678 3552 negatum
696 3488 813 3539 Gronov.
832 3490 942 3553 Duujst.
955 3489 1120 3540 Graviore-6
1137 3489 1179 3540 ΑΙ.
1190 3489 1340 3540 summ
1369 3469 1417 3529 W·

833 3618 946 3668 NOTAE

371 3721 383 3747 θ
402 3711 491 3775 Utique
502 3726 618 3775 nusquam
628 3714 717 3762 aestus
726 3714 797 3777 lacis]
816 3713 869 3763 Alii
909 3717 991 3779 utique
1002 3731 1120 3778 suaquarta
1132 3717 1181 3765 sisi
1191 3718 1281 3780 irriqms
1291 3715 1359 3766 tacis:
1372 3710 1416 3761 ⁸¹⁸2

338 3802 457 3851 unquam
474 3786 563 3850 iniquis
580 3787 654 3837 ioris:
669 3787 737 3850 quod
754 3787 806 3836 dici
818 3802 869 3837 non
908 3791 957 3839 sisi
967 3791 1056 3853 iniquis
1072 3792 1161 3839 sostris
1174 3793 1252 3849 laeis5
1267 3807 1324 3856 qna
1334 3783 1416 3835 scilieet

338 3870 438 3925 potest.
455 3862 537 3913 Gron.
548 3874 586 3911 tu.
606 3860 870 3911 observat-scribaru-
909 3860 997 3929 iniqua
1007 3876 1096 3915 essent
1107 3866 1203 3916 nostris
1216 3866 1374 3917 mercutius

339 3937 399 3987 dum
412 3939 550 3988 contendit
565 3952 683 4001 suaquss
698 3938 787 3987 nestris
803 3940 870 4000 lacis,
941 3940 956 3970 ⁸
973 3940 1005 3991 d.
1019 3943 1052 3992 U.
1064 3942 1094 3990 c·
1104 3946 1162 3990 aab.

338 4012 380 4075 (et
397 4014 487 4063 italtl.
500 4014 615 4063 Memmii
627 4012 752 4077 liber,)id
770 4022 823 4078 est,
832 4016 870 4065 lo·
942 4014 1008 4067 ‘lis
1026 4018 1115 4080 sparta
1134 4018 1277 4081 samm]
1300 4014 1341 4069 Ad
1364 4008 1414 4056 Μ·

338 4088 375 4136 cis
387 4088 696 4151 qorenablropportuus3
713 4097 808 4139 utcura
816 4090 868 4139 Ro·
909 4098 975 4139 tram
996 4092 1142 4155 Frentanis,
1158 4108 1211 4157 quo
1228 4109 1245 4143 a
1262 4083 1416 4143 Frentsaiaet

339 4165 407 4210 mani
429 4164 487 4213 laco
508 4165 709 4226 praevaluerunt,
734 4180 867 4230 nunqnam
907 4167 1173 4231 Samnittbnsdpalis
1187 4170 1290 4219 Daunia
1307 4153 1415 4217 distemi·

339 4249 389 4285 non
403 4236 460 4298 ejus
474 4237 658 4288 commoditate
670 4239 708 4287 usi
721 4240 781 4291 siut.
814 4240 867 4291 Sed
907 4252 992 4306 natm,
1003 4244 1094 4294 decem
1106 4243 1190 4294 ierne
1199 4260 1279 4307 supra
1289 4245 1342 4309 ejas
1351 4236 1414 4289 Μ·

335 4312 358 4360 si
370 4311 526 4362 causationi
544 4314 625 4375 loeus,
642 4312 742 4365 facilius
755 4317 865 4374 ridetur,
907 4320 972 4369 tium
992 4320 1143 4371 milliaribus
1154 4320 1206 4371 tait
1223 4320 1414 4375 stamasmrs·
