3150 4942
282 382 369 451 1190
771 398 806 445 r.
830 394 925 445 urvrr

281 542 401 606 mentis
424 540 558 604 nostris.
603 538 801 621 Aggredera
823 538 915 623 quod
936 539 1021 603 inter
1042 536 1266 620 praedandum
1287 538 1379 600 omni

282 642 481 707 multitudini
497 642 619 717 evenit,
631 642 837 724 dissipatos:
851 659 941 704 raros
955 640 1053 722 equis
1066 638 1260 714 insidentes,
1275 656 1383 713 raros,

282 746 405 828 quibus
420 744 538 807 serrum
555 744 589 806 iu
605 762 704 806 mauu
720 743 778 817 sit,
789 742 963 805 iuvenies:
985 759 1159 825 equosque
1172 740 1253 803 dum
1265 740 1384 821 praeda

282 852 430 919 onerant,
453 844 547 909 cardo
570 845 723 919 inermes,
741 851 983 925 cruentamque
1004 843 1075 906 illis
1095 840 1243 924 praedam
1266 840 1382 904 redde.

282 946 370 1011 Mihi
398 947 545 1029 legiones
568 945 785 1028 peditumque
808 964 922 1028 pugna
942 963 1032 1009 curae
1059 950 1174 1008 erunt:
1206 961 1314 1025 penes
1344 948 1380 1005 te

282 1056 436 1131 equestre
451 1050 497 1112 sit
512 1044 639 1112 decus?

322 1152 376 1215 39.
389 1150 547 1233 Equitum
563 1149 666 1226 aciae,
679 1149 792 1231 qualis
804 1166 882 1231 qum
891 1166 967 1211 esse
979 1145 1238 1210 instructissima
1251 1152 1381 1228 potest,

281 1252 413 1317 invecta
426 1253 460 1314 iu
482 1250 670 1332 dissipatos
691 1249 938 1333 impeditosque
952 1245 1078 1325 hostes,
1094 1246 1187 1311 caede
1203 1247 1317 1309 omnia
1331 1266 1381 1309 re-

280 1353 363 1434 plet.
409 1352 500 1415 Inter
515 1352 666 1414 sarcines
692 1350 836 1413 omissas
859 1353 1004 1431 repente,
1025 1348 1219 1431 obJaoentes
1235 1346 1383 1429 pedibus

279 1452 472 1533 fugientium
509 1456 866 1532 consternatorumque
897 1466 1072 1531 equomm,
1107 1468 1215 1531 neque
1248 1468 1383 1529 puguae,

279 1570 390 1635 neque
405 1554 494 1632 fugae
510 1552 593 1614 satis
609 1557 774 1633 potentes,
789 1548 975 1613 caeduntur.
1018 1547 1119 1627 Tum,
1144 1550 1258 1613 deleto
1273 1568 1383 1631 prope

279 1655 431 1735 equitatu
446 1652 602 1729 bostium,
622 1651 669 1713 M.
691 1651 829 1731 Fabius,
853 1650 1092 1715 circumductis
1106 1650 1284 1733 paululum
1299 1650 1381 1727 alis,

280 1755 323 1816 ab
339 1758 431 1832 tergo
454 1750 640 1833 pedestrem
668 1753 777 1815 aciem
800 1751 957 1815 adoritur.
1002 1751 1139 1815 Clamor
1166 1751 1247 1815 inde
1268 1771 1380 1816 novus

280 1855 439 1920 accidens
455 1861 488 1918 et
503 1853 701 1918 Samnitium
717 1854 834 1917 terruit
847 1854 998 1930 animos;
1021 1860 1056 1917 et
1070 1852 1226 1929 dictator,
1251 1855 1311 1918 ubi
1329 1872 1380 1916 re-

279 1961 472 2038 spectantes
486 1954 633 2018 hostium
647 1954 880 2035 antesignanos
897 1954 1096 2035 turbataque
1118 1954 1216 2035 signa
1238 1963 1275 2017 et
1294 1956 1381 2019 floc-

278 2063 424 2122 tuantem
440 2058 548 2121 aciem
565 2055 661 2133 vidit,
678 2065 750 2119 tum
765 2055 945 2138 appellare,
969 2064 1041 2119 tum
1055 2055 1229 2119 adhortari
1243 2055 1380 2134 milites,

277 2160 429 2222 tribunos
454 2158 692 2241 principesque
715 2156 867 2220 ordinum
889 2156 1089 2219 nominatim
1124 2155 1170 2219 ad
1193 2155 1379 2221 iterandam

277 2278 393 2324 secum
410 2278 553 2342 pugnam
565 2277 699 2321 vocare.
739 2255 880 2347 Novato
895 2258 1054 2333 clamore,
1062 2257 1160 2338 signa
1174 2258 1377 2337 intematum

276 2366 319 2434 et,
355 2361 514 2443 quicquid
545 2358 849 2442 progrediebantur,
878 2358 987 2439 magis
1021 2359 1197 2441 magisque
1226 2360 1375 2422 turbatos

274 2459 388 2524 hostes
402 2460 591 2523 cernebant.
638 2459 754 2541 Eques
767 2461 840 2542 ipse
849 2458 922 2540 jam
937 2459 1056 2542 primis
1070 2467 1145 2524 erat
1159 2461 1195 2522 in
1211 2478 1373 2544 conspec-

277 2564 329 2636 tu;
352 2566 386 2621 et
405 2558 595 2632 Cornelius,
618 2559 801 2641 respiciens
823 2558 866 2622 ad
892 2559 1084 2643 manipulos
1104 2560 1261 2638 militum,
1284 2562 1377 2644 quod

275 2677 387 2735 manu,
407 2657 499 2740 quod
515 2676 597 2721 voce
622 2665 764 2739 poterat,
788 2661 1007 2735 monstrabat,
1023 2661 1152 2725 vexilla
1175 2681 1214 2725 se
1237 2680 1374 2727 suorum

275 2776 481 2842 parmasque
496 2776 629 2822 cernere
644 2760 804 2841 equitum.
849 2758 951 2838 Quod
966 2762 1025 2824 ubi
1041 2761 1196 2825 auditum
1209 2763 1376 2846 simulque

275 2862 383 2923 visum
400 2866 461 2934 est,
474 2859 560 2925 adeo
571 2866 707 2942 repente
721 2861 859 2938 laboris,
876 2880 935 2944 par
948 2862 1035 2927 diem
1049 2881 1144 2946 paene
1167 2869 1278 2927 totum
1291 2864 1373 2926 tole·

271 2961 345 3037 rati,
359 2960 600 3043 vulnerumque
615 2961 713 3025 obliti
729 2969 815 3040 sunt,
831 2971 869 3027 ut
882 2962 970 3027 hand
992 2982 1104 3041 secus,
1118 2982 1218 3046 qoam
1241 2964 1273 3027 si
1296 2978 1371 3028 tum

273 3062 394 3143 integri
416 3083 435 3126 e
456 3064 575 3127 castris
596 3064 727 3144 signnm
743 3083 865 3145 pugnae
881 3066 1106 3147 accepissent,
1133 3066 1375 3130 concitaverint

273 3182 311 3225 se
326 3165 359 3225 in
371 3164 514 3227 bostem.
560 3162 636 3228 Nec
652 3165 738 3229 ultra
753 3164 886 3228 Samnis
903 3165 1044 3229 tolerare
1058 3170 1212 3232 terrorem
1221 3167 1372 3248 equitum

273 3262 574 3346 peditumque-vim
590 3265 720 3346 potuit:
743 3264 865 3346 partim
892 3266 924 3328 in
950 3264 1061 3329 medio
1085 3266 1179 3344 caesi,
1205 3268 1326 3349 partim
1340 3269 1373 3332 iu

272 3364 386 3444 sugam
413 3364 567 3447 dissipati
596 3371 684 3429 suut.
730 3364 843 3428 Pedes
873 3370 1032 3428 restantes
1059 3385 1099 3430 ac
1125 3367 1372 3432 circumventos

274 3463 398 3529 cecidit
409 3474 433 3528 :⁹
443 3472 456 3500 ¹²
466 3467 510 3530 ab
527 3466 638 3549 equite
649 3466 847 3547 fugientium
863 3471 991 3546 strages
1000 3472 1052 3531 est
1066 3466 1175 3548 faota;
1189 3468 1373 3553 interquos

273 3571 306 3629 et
320 3565 395 3647 ipse
411 3566 593 3647 imperator
608 3563 740 3630 cecidit.
766 3564 846 3629 Hoc
861 3557 992 3630 demum
1008 3569 1158 3651 praelium
1171 3569 1371 3635 Samnitium

305 3833 321 3877 o
337 3827 407 3877 ‘Vix
419 3826 499 3878 credo
509 3826 538 3876 rb
550 3842 578 3877 uc
594 3842 651 3879 erre
669 3828 743 3892 Livii,
761 3828 805 3893 qni
824 3830 973 3894 scripserat,
987 3831 1065 3879 Pedes
1076 3836 1194 3881 restantes
1203 3832 1373 3882 mmmm

765 3974 791 4025 N
795 3974 874 4025 0⁹1⁸AE

303 4092 316 4120 ¹¹
334 4088 410 4136 Pedes
421 4093 536 4137 recrearer
547 4090 752 4141 «carcamusas
763 4105 801 4141 ce-
841 4087 1006 4150 resirtebaut,
1026 4089 1198 4140 circumdatos
1217 4089 1372 4146 trucidasse.

271 4161 343 4223 cidit]
374 4163 510 4227 significat
533 4165 675 4227 peditatum
707 4166 802 4216 Roma·
841 4164 1371 4231 UndcappsretjuredubitatcmaGrou.

272 4248 333 4289 unm
351 4251 405 4301 sor,
423 4240 466 4303 qui
486 4252 520 4289 ex
537 4240 696 4291 Samnitibus
718 4240 802 4291 uidmi
840 4241 989 4295 nauata
1000 4241 1156 4293 essetLirii.
