3150 4942
590 424 662 472 nra.
689 425 737 472 vr.
761 425 844 474 car.
865 410 898 474 3.
1229 415 1294 479 931

204 567 346 642 transiit,
370 571 403 630 et
430 567 524 648 ipsos
549 567 671 631 bellurn
696 568 886 632 molientes:
908 569 1089 632 exercitum
1111 587 1226 632 eorum
1251 570 1295 634 ad

204 666 328 732 Bolast
343 669 526 756 oppressit3
550 685 612 730 nec
627 675 741 732 castra
765 667 877 745 modo,
901 667 961 732 sed
984 670 1099 732 urbem
1114 670 1215 732 etiarn
1237 689 1293 752 ag·

205 787 350 849 messus,
363 770 487 851 impetu
503 768 612 850 primo
627 768 727 850 oepit.

248 869 280 932 3.
304 868 388 932 Cum
400 870 434 931 in
450 887 491 932 ea
506 875 613 955 parte,
630 869 662 930 in
686 887 753 949 qua
773 874 877 948 caput
891 867 938 930 rei
954 867 1117 931 Romana
1132 867 1295 934 Camillus

178 1024 179 1027 ,
205 977 284 1046 orat,
307 989 348 1032 aa
362 969 495 1033 fortuna
508 977 609 1044 esset,
625 969 724 1032 aliam
744 969 778 1032 in
795 977 921 1049 partem
938 976 1041 1031 terror
1059 969 1172 1048 ingens
1186 971 1296 1050 ingru-

205 1080 283 1134 erat.
327 1070 462 1133 Etruria
478 1089 580 1151 prope
596 1071 705 1132 omnis
728 1075 856 1132 armata
870 1068 1028 1144 Sutrium,
1049 1069 1165 1132 socios
1179 1071 1296 1152 populi

206 1167 386 1246 Romani,¹²
408 1169 601 1233 obsidebat:
624 1187 763 1250 quorum
789 1168 903 1248 iegati,
925 1187 1026 1250 opem
1047 1170 1142 1231 rebus
1168 1168 1296 1235 affectis

207 1275 351 1343 orantes,
364 1289 438 1332 cum
452 1277 604 1332 senatum
619 1269 779 1344 adissent,
796 1270 962 1333 decretum
977 1269 1091 1344 tulere,
1107 1276 1146 1331 ut
1155 1269 1298 1333 dictator

206 1371 314 1451 primo
343 1388 477 1451 quoque
506 1375 650 1452 tempora
677 1371 842 1434 auxilium
871 1369 1015 1434 Sutrinis
1037 1371 1146 1432 ferret.
1190 1369 1296 1451 Cujus

127 1509 130 1517 ι
208 1470 281 1552 spei
305 1489 432 1534 moram
448 1489 522 1533 cum
537 1471 609 1551 pati
634 1471 767 1534 fortuna
781 1473 993 1535 obsessorum
1018 1487 1085 1532 non
1104 1469 1297 1551 potuisset,²

207 1569 424 1653 coniectaque
439 1571 595 1659 paucitas
611 1571 867 1653 oppidanorum,
891 1589 1001 1654 opere,
1022 1569 1157 1648 vigiliis,
1180 1569 1298 1632 vulne·

206 1671 322 1746 ribus‚³
346 1689 424 1752 queo
448 1690 577 1752 semper
598 1671 737 1734 eosdem
752 1673 924 1753 urgebant,
940 1690 1001 1752 per
1015 1671 1202 1752 pactionem
1217 1669 1297 1732 urbe

207 1771 360 1834 hostibus
375 1770 507 1844 tradita,
523 1771 663 1834 inermes
685 1788 762 1834 oum
784 1771 925 1852 siugulis
944 1772 1060 1834 emissi
1081 1759 1298 1847 vestimentis,

207 1870 388 1935 miserabili
412 1871 539 1951 agmine
562 1878 700 1953 penates
721 1872 956 1953 relinquereut;
979 1890 1021 1935 eo
1044 1870 1129 1934 forte
1149 1878 1299 1952 tempora

192 1971 368 2035 -Gamissus
391 1989 468 2034 cum
492 1971 641 2034 exercitu
666 1971 821 2037 Romano
845 1973 1030 2036 intervenit.
1074 1970 1140 2035 Oui
1159 1989 1234 2033 curn
1257 1988 1297 2034 se

208 2073 332 2134 moesta
350 2073 446 2134 turba
465 2070 507 2133 ad
523 2073 627 2153 pedes
650 2073 882 2153 provolvisset,
903 2073 1159 2155 principumque
1176 2069 1299 2134 oratio-

209 2189 295 2248 nem,
310 2173 503 2237 necessitate
514 2173 633 2235 ultima
643 2192 851 2255 expressam,
866 2173 965 2237 fletus
979 2172 1152 2235 mulierum
1163 2191 1204 2234 ac
1219 2189 1298 2254 pue·

209 2289 328 2346 rorum,
343 2273 399 2354 qui
415 2273 509 2337 exilii
527 2273 668 2338 comites
688 2275 910 2349 trahebantur,
925 2273 1120 2354 excepisset
1131 2290 1153 2350 ;⁴
1164 2289 1299 2354 parcere

208 2372 531 2441 temerassetnnos
540 2373 661 2455 jussit:
686 2375 840 2438 Etruscis
861 2394 899 2438 se
920 2375 1050 2438 luctum
1066 2374 1299 2453 lacrymasque

207 2473 304 2537 ferro.
347 2475 505 2538 Sarcinas
529 2475 607 2537 inde
633 2475 765 2557 deponi,
792 2475 1018 2574 Sutrinosque
1044 2473 1092 2535 ibi
1117 2471 1300 2551 considere,

209 2573 342 2638 modico
357 2574 517 2655 praesidio
531 2575 659 2652 relicto,
685 2593 777 2640 arma
792 2595 904 2639 secum
925 2573 1063 2638 militem
1087 2574 1174 2636 ferra
1188 2573 1301 2656 jubet.

210 2671 267 2736 Ita
282 2674 442 2757 expedito
458 2676 607 2738 exercitu
619 2673 798 2756 „profectus
822 2674 866 2738 ad
885 2673 1059 2744 Sutrium,x
1078 2671 1113 2736 id
1137 2670 1229 2753 quoti
1250 2691 1300 2736 re·

210 2899 362 2964 Tarquinios
386 2901 519 2964 Superbus
538 2901 633 2950 bellurn
656 2900 737 2965 gessit
776 2902 828 2950 icio
845 2913 903 2950 eene
919 2899 1050 2959 Satrium
1061 2898 1212 2946 Volscorum
1228 2899 1302 2961 oppi-

211 2975 335 3025 adreraur
345 2977 464 3038 Volscos,
475 2977 547 3026 cirea
562 2990 656 3026 annum
671 2976 736 3026 Urb.
777 2975 849 3032 dum.
860 2988 910 3037 qno
930 2973 1042 3022 deducta
1058 2979 1099 3020 cst
1116 2971 1217 3018 rotonis
1234 2983 1303 3019 anno

211 3049 294 3099 Cond.
309 3055 366 3100 227.
382 3060 458 3099 erunt
476 3051 536 3098 anni
554 3049 636 3100 ferme
647 3055 704 3102 140.
715 3051 737 3099 ri
778 3068 807 3102 v.
828 3060 888 3117 port
907 3051 996 3100 urbem
1014 3054 1127 3112 captam,
1144 3054 1172 3095 ut
1189 3046 1302 3096 babetur

212 3121 288 3172 abeo
304 3130 489 3187 temporaque
507 3132 656 3174 renovatum
670 3131 738 3173 eata
777 3129 850 3190 hujus
871 3127 916 3176 lib.
937 3141 996 3188 rap.
1015 3128 1056 3173 lo.
1089 3121 1196 3170 Satrium
1214 3127 1302 3170 nutem

213 3197 316 3246 Voiacir
328 3198 423 3246 balium
432 3213 473 3246 an.
482 3202 538 3247 2⁶⁹.
551 3199 619 3263 App.
629 3200 737 3248 Claudio
777 3203 891 3252 nondum
901 3201 1004 3249 ridetur
1012 3199 1112 3248 colonia
1120 3196 1201 3245 fuisso
1210 3198 1303 3245 Roma·

215 3280 243 3319 et
260 3271 292 3319 P.
308 3271 416 3321 servitio
433 3273 506 3322 Corn.
517 3272 550 3321 ad
566 3273 632 3320 bunc
644 3287 737 3322 annum
777 3290 885 3326 norum:
905 3275 1003 3324 dicitnr
1021 3274 1089 3321 eninr
1108 3272 1193 3320 adbuc
1212 3285 1303 3334 recep·
1387 3283 1389 3288 ·

214 3347 382 3412 computandi
400 3356 474 3398 erunt
493 3347 554 3396 anni
570 3351 627 3396 101.
662 3347 737 3397 Unde
778 3349 1041 3410 rum,etrertitutnm
1051 3346 1303 3406 sociiqciribunci·

215 3435 266 3471 non
289 3422 335 3470 abr
358 3437 387 3471 re
408 3423 552 3472 oraremus
572 3429 600 3470 et
617 3421 736 3485 Sigonius
778 3420 1063 3482 immurmurans.
1082 3418 1133 3467 Sed
1145 3419 1305 3480 posternas

215 3495 336 3546 mendum
354 3496 381 3545 in
400 3510 507 3546 numero
524 3496 629 3545 subesse
649 3496 737 3544 admo·
777 3498 855 3547 dubio
872 3497 973 3545 coionir
989 3494 1056 3544 suits
1080 3508 1162 3556 eoque
1179 3494 1305 3556 respexit,

215 3579 288 3622 nent.
751 3569 1144 3635 ¹opior,1)io‹iornaetl‘iin.
1178 3567 1304 3616 Nuncvi·

245 3647 256 3679 ⁸
270 3645 309 3695 Aa
320 3647 406 3709 Boin]
429 3645 470 3694 De
481 3643 554 3694 Bora
563 3650 640 3694 antea
649 3644 695 3694 lib.
706 3657 738 3695 rr.
778 3648 856 3696 detur
866 3647 936 3696 socia
950 3652 1049 3696 tantum
1064 3644 1237 3693 Romanorum
1247 3641 1304 3690 bac

215 3735 240 3770 c.
249 3725 292 3770 89.
779 3723 893 3773 Etruriae
903 3721 964 3771 urbs
975 3720 1063 3780 iniere,
1079 3731 1136 3780 qun
1150 3718 1178 3765 in
1189 3718 1232 3765 vin
1241 3717 1304 3766 Cos·

247 3801 259 3827 ¹
285 3795 404 3856 Suram,
423 3793 498 3843 sodor
521 3795 601 3858 popuii
625 3791 740 3856 mann]
780 3799 880 3861 siqu.
896 3797 928 3844 ab
944 3795 1014 3844 Urbe
1030 3793 1247 3847 miliarinam
1258 3789 1304 3838 ad·

215 3871 345 3920 Diodorus
356 3884 424 3919 anno
436 3877 496 3932 pont
512 3871 618 3918 Romam
635 3877 738 3932 captam
779 3873 831 3922 buc
842 3872 947 3930 retinet,
957 3872 1034 3930 vulgo
1045 3867 1123 3920 aaa,
1135 3866 1161 3913 in
1176 3863 1306 3914 Patrimo-

215 3952 243 3994 οι
254 3944 356 3993 Plinius
371 3944 486 3993 Sutrium
502 3951 595 3992 vocant
613 3943 740 3992 Romano-
781 3948 824 3996 nto
834 3947 926 3996 Sancti
938 3946 1020 3994 Petri.

216 4021 423 4070 rumcoinniarnr
440 4021 551 4070 redeam
559 4021 740 4070 VeibPaterc.
812 4030 826 4056 ¹
842 4023 966 4080 Profectus
986 4021 1018 4066 od
1040 4015 1160 4078 Mam]
1188 4016 1229 4066 Ad
1248 4031 1306 4080 pro,

217 4103 276 4158 post
296 4109 343 4146 vu.
363 4109 452 4158 annor,
468 4111 542 4159 qnuur
562 4097 653 4145 urbem
670 4095 740 4145 Gniii
780 4111 879 4151 versun,
896 4095 975 4148 circu,
992 4092 1074 4155 quasi,
1094 4090 1245 4155 ‘profectur
1255 4090 1307 4139 Su·
1352 4157 1356 4163 Ι

217 4179 352 4233 ceperunt,
366 4171 506 4220 deductam
523 4171 621 4220 scribit.
653 4171 742 4222 Quare
782 4168 978 4220 triumverrua'
1004 4167 1191 4217 Memnonen
1204 4180 1255 4232 qno
1263 4166 1307 4216 Ci-

218 4247 363 4312 suspicatur
373 4246 493 4311 Sigonius
504 4245 639 4310 tegendum
647 4245 673 4295 iu
681 4246 743 4296 Vnt.
783 4242 1161 4303 cero‚‘uterremarinrbem.'
1220 4294 1223 4298 A
