3150 4942
578 408 652 465 niu.
675 408 731 465 rx.
754 412 835 466 usn.
856 402 889 466 5.
1193 397 1281 473 12⁰6

186 554 275 625 enirn
288 563 347 621 aut
363 556 584 639 sponsoribus
606 557 641 621 in
662 556 789 623 taedere
811 576 899 639 opus
921 563 1009 625 esset
1022 560 1281 641 autubsidibus,

185 659 246 725 ubi
270 658 463 739 preuatiuue
487 676 541 746 res
566 656 778 738 transigitur?
801 663 883 739 ‘per
905 676 1010 741 quem.
1026 660 1188 741 pupulum
1209 662 1282 741 tiat,

186 776 253 841 quo
268 758 376 819 miuus
391 756 519 835 legibus
532 754 633 819 dietis
648 764 768 833 stetur,
790 762 829 819 ut
845 754 926 821 'eum
947 758 996 821 ita
1015 756 1151 841 Jupiter
1172 760 1280 839 feriat,

186 855 466 940 quemadmodum
492 874 512 919 a
537 856 709 921 fetialibus
737 875 861 939 porcus
885 856 1041 921 feriatur!
1083 856 1283 941 Spoponde-

186 962 265 1021 runt
279 954 449 1031 eonsules,
463 955 577 1037 legati,
592 960 791 1038 quaestores,
805 956 930 1019 tribuni
952 956 1113 1035 militum
1135 959 1283 1024 numina·
1302 965 1305 969 “

186 1074 253 1139 que
267 1054 427 1131 omnium,
441 1054 500 1137 qui
514 1055 780 1137 spoponderunt,
795 1062 934 1121 extant:
957 1057 1028 1133 ubi,
1043 1056 1074 1119 si
1090 1076 1136 1119 ex
1156 1057 1282 1123 foedare

188 1161 266 1221 aeta
287 1174 341 1219 res
363 1162 466 1231 esset,
489 1164 716 1237 praeterquam
738 1154 881 1219 duorum
901 1156 1075 1234 fetialium,
1100 1175 1167 1219 uun
1189 1162 1284 1223 exta-

188 1263 281 1334 rent3
303 1264 339 1319 et
364 1261 499 1337 propter
520 1255 743 1320 necessariam
766 1254 905 1321 toederis
929 1256 1117 1320 dilationem
1145 1257 1284 1323 obsides

189 1356 292 1419 etiam
307 1354 457 1418 sexcenti
472 1354 602 1436 equites
615 1354 792 1435 imperatis
805 1355 865 1436 qui
881 1355 996 1437 eapite
1011 1355 1147 1431 luerent,
1161 1356 1191 1419 si
1206 1375 1285 1437 pae-

189 1463 224 1519 to
239 1472 304 1517 uon
320 1461 473 1518 staretur.
516 1454 668 1536 Tempus
683 1455 761 1519 inde
784 1461 944 1519 statutum
965 1454 1135 1519 tradendis
1158 1454 1284 1521 obsidi-

190 1555 255 1619 bus
280 1555 495 1637 exercituque
522 1554 639 1617 inermi
666 1553 839 1619 mittendo.
883 1554 1135 1636 Redintegruvit
1158 1554 1286 1622 laetum

189 1656 225 1719 in
251 1656 370 1719 eastris
395 1655 568 1719 consulum
596 1652 773 1730 adventus,
801 1655 920 1718 utrix
943 1655 988 1719 ab
1015 1656 1058 1717 iis
1084 1654 1287 1719 abstinerent

171 1772 319 1849 omanus,
336 1772 475 1837 quururn
502 1755 690 1819 temeritate
713 1757 747 1819 in
773 1774 851 1818 eum
872 1755 981 1819 lucum
995 1752 1129 1819 deducti
1151 1763 1285 1834 essent3

190 1872 331 1936 querum
358 1854 494 1935 ignavia
522 1853 649 1917 soedius
678 1853 769 1931 inde,
799 1874 900 1936 quam
928 1856 1107 1931 venisseut,
1137 1854 1288 1919 abituri!

190 1952 368 2017 ‘Illisnun
384 1952 503 2017 ducem
518 1954 678 2030 lucorum,
691 1972 757 2017 uun
772 1954 1017 2036 exploratorem
1030 1954 1147 2031 fuisse,
1161 1952 1288 2018 bellna·

189 2072 262 2119 rum
284 2054 384 2119 modu
404 2073 515 2119 cauus
529 2054 563 2117 in
577 2053 732 2118 soream⁸
754 2054 919 2119 missus.’¹
959 2052 1032 2117 Alii
1051 2053 1139 2117 alius
1157 2054 1288 2130 intueri,

191 2154 408 2235 contemplari
420 2172 512 2219 erma
525 2172 605 2217 mox
621 2150 793 2228 tradenda,
807 2158 841 2216 et
856 2153 997 2217 inermes
1006 2153 1133 2217 futuras
1142 2151 1287 2228 dextras,

191 2255 405 2336 obnoxiaque
431 2270 573 2335 corpora
598 2252 700 2317 busti.
743 2250 934 2335 Propuuere
961 2253 1095 2317 sibimet
1117 2252 1186 2335 ipsi
1211 2259 1288 2317 ante

193 2354 311 2419 oeulos
321 2353 440 2437 jugum
456 2353 588 2429 hostile,
608 2358 640 2416 et
662 2350 806 2417 ludibria
820 2354 971 2430 vintoris,
991 2356 1025 2415 et
1040 2351 1155 2422 vultus
1175 2370 1287 2433 super-

192 2453 267 2529 bus,
293 2461 329 2517 et
354 2472 413 2535 per
441 2458 590 2517 armatus
613 2452 786 2515 inermium
812 2452 886 2515 iter.
930 2452 1014 2515 lude
1038 2450 1121 2517 suedi
1147 2450 1290 2532 agminis

193 2552 416 2631 miserabilem
431 2552 531 2629 uiam,
546 2570 605 2634 per
618 2551 783 2615 sociorum
806 2554 905 2616 urbes
926 2553 1069 2616 reditum
1089 2552 1125 2615 iu
1147 2550 1291 2633 patriam

194 2670 236 2716 ac
248 2658 450 2734 pereutere!
474 2669 542 2734 quo
554 2670 649 2733 saepe
661 2650 729 2731 ipsi
739 2649 951 2734 majoresque
962 2669 1076 2715 eurum
1088 2648 1290 2732 triumphau-

649 2824 834 2848 ”nmo

227 2947 242 2991 7
259 2942 373 2989 ‘Duriur
391 2940 482 2989 aberra
497 2944 584 2999 meat,
599 2946 687 2987 munet
702 2939 799 2987 aanor.
823 2939 875 2987 Sed
887 2938 963 2987 mede
975 2936 1117 3000 praeemit,
1128 2943 1156 2985 et
1167 2936 1203 2984 ita
1215 2947 1291 2998 repe·

195 3005 301 3057 tendum
313 3002 422 3053 fuisset!
438 3004 589 3065 nupera-s
604 3004 669 3051 Tan.
685 3002 770 3051 Faber
781 3002 896 3051 mutabat
909 3016 993 3049 caeru
1003 3000 1188 3059 irsoum—0
1203 3000 1289 3047 ‘cum

195 3070 278 3119 Gran.
299 3070 387 3132 purius
399 3074 425 3116 et
437 3068 489 3115 Me.
505 3066 617 3115 Heimrt.
632 3066 682 3128 teg.
698 3064 725 3113 ia
738 3065 844 3127 putrium
860 3066 892 3113 ud
906 3062 1033 3127 paratu?
1050 3063 1158 3123 Rupert.
1192 3063 1233 3109 Aa
1243 3060 1290 3108 dat

691 3205 799 3256 Nom

227 3314 241 3341 ²
260 3306 397 3355 Battum-arr
412 3304 479 3353 modo
499 3316 571 3353 ruem
590 3303 616 3351 r'a
629 3302 726 3361 suerum
765 3316 824 3366 qun
836 3298 995 3364 providenda
1006 3296 1119 3347 t'uerrut.
1136 3295 1232 3344 cinari
1242 3295 1290 3345 At-

194 3380 290 3447 ariam]
309 3376 726 3443 Tau.1·¹rbar,quouiaureaecita-
765 3376 830 3429 ιίο.ι
841 3378 912 3425 Caci
923 3369 1017 3425 tuimur
1033 3374 1059 3421 tu
1075 3386 1106 3423 ea
1117 3370 1163 3421 re!
1191 3372 1227 3419 Bt
1242 3384 1290 3431 pro

199 3464 251 3505 teur
263 3456 338 3505 rebus
349 3455 496 3505 inanimatis
511 3452 657 3503 attribuunt
673 3464 724 3501 neu
764 3452 840 3501 Pnn.
862 3450 932 3501 ‘Seri
943 3463 991 3511 epu
1002 3461 1099 3497 eterna
1109 3458 1150 3497 rue
1160 3451 1189 3493 et
1200 3442 1292 3508 proei-

198 3532 279 3580 rutum
298 3530 394 3595 pu'e'tae,
407 3530 451 3594 qni
470 3532 583 3579 ‘eneam
602 3524 724 3589 nuetem‚’
764 3528 846 3590 pitem
865 3524 929 3575 t'errt
947 3519 1092 3573 uenirent!
1117 3517 1291 3580 eradatur!

199 3620 248 3671 pro
269 3604 378 3655 ebreum
407 3606 507 3660 dicunt,
534 3601 579 3653 red
609 3610 725 3651 errrore·
766 3599 1019 3664 uuqururcuuqruit,
1034 3596 1146 3646 maxime
1161 3589 1291 3642 anuali&

200 3694 310 3745 queque,
319 3682 362 3744 qui
374 3683 381 3709 ⁸
391 3678 522 3729 fortunam
533 3675 642 3727 caurur'
654 3690 727 3725 utur-
766 3676 856 3723 manis.

198 3762 271 3819 pam,
289 3757 330 3804 bin
349 3770 434 3805 aaran
452 3755 479 3803 ia
490 3755 586 3814 suarum
603 3752 676 3814 tegit,
687 3764 727 3800 re·
799 3756 811 3792 t
827 3749 941 3799 Rediturr
951 3749 977 3797 r'rr
985 3748 1089 3809 μνία
1097 3760 1126 3793 rc
1142 3743 1197 3806 [d]
1206 3754 1292 3804 peren·

194 3832 269 3897 jectu
289 3832 417 3882 cummuni
439 3830 575 3894 rurIptnrr.
616 3826 727 3889 Proprie
765 3823 814 3887 ter]
831 3826 893 3875 Nou
904 3815 1292 3885 dirpiieetbaectiruauriieur·

201 3917 288 3959 tamen
309 3907 413 3957 rariter
434 3904 556 3955 conruit
577 3902 727 3951 animalibus
766 3900 861 3959 rectio,
872 3913 929 3948 cum
942 3897 1018 3959 raige
1036 3893 1173 3945 scribatur,
1189 3888 1292 3937 reditura

199 3998 255 4049 qna
274 3983 411 4033 luminibus
427 3980 544 4045 eorporis
562 3986 655 4043 capta:
672 3990 725 4027 me·
765 3977 792 4024 ia
808 3976 912 4037 patriam
929 3988 958 4021 ac
972 3973 1088 4033 parentes.
1120 3966 1187 4015 Nam
1203 3963 1291 4050 irbrr.

192 4058 332 4121 ,trabariae
352 4058 393 4118 iis,
409 4056 502 4121 quibua
516 4055 601 4104 lumen
618 4050 726 4102 rationis
765 4049 847 4099 habet
857 4048 926 4097 idem
944 4046 1001 4095 Ην.
1017 4040 1153 4105 ‘sospites
1172 4040 1245 4089 brari
1263 4040 1291 4088 in

202 4130 310 4183 abstulit
328 4130 399 4182 turer
416 4138 460 4182 aut
479 4128 615 4193 eupiditar,
633 4134 662 4177 et
682 4126 726 4193 qui
767 4122 876 4187 patriam
897 4120 930 4170 ad
950 4125 1072 4183 parentes
1093 4114 1225 4167 renituit?
1257 4114 1293 4164 Et

202 4206 340 4270 prudentia
367 4206 488 4258 destituti
515 4218 564 4256 uun
590 4202 727 4268 provident
766 4200 811 4252 lib.
832 4212 909 4251 surr.
926 4197 1067 4249 ‘Rednear
1082 4196 1109 4247 lu
1127 4194 1237 4261 patriani
1257 4191 1291 4243 rd
