3150 4942
556 442 626 487 utu.
651 440 708 487 rx.
732 442 814 490 cnr.
837 426 891 492 19.
1180 430 1268 496 laus

163 601 286 648 annum
302 580 515 647 consulatum
532 586 656 666 gessit:
679 585 722 648 ab
746 584 890 649 tribunis
912 584 1024 668 plebis
1040 584 1189 651 delectus
1203 589 1264 651 im·

163 685 273 769 pediti
297 691 393 748 sunt:
416 694 495 767 post
518 694 651 769 tempus
679 687 722 750 ad
751 685 843 751 bella
868 687 1000 751 ierunt:
1023 696 1103 752 aute
1130 697 1265 772 tempus

162 786 378 850 comitiorum
394 806 498 850 causa
514 790 666 852 revocati
681 798 777 853 sunt:
800 791 835 853 iu
851 790 929 873 ipso
940 797 1062 855 conatu
1079 810 1188 854 rerum
1203 794 1266 855 cir·

162 888 311 969 cumegit
325 906 363 951 se
378 906 501 952 annus:
525 888 666 971 collegae
683 910 771 955 nunc
787 891 967 968 temeritas,
990 910 1079 955 nunc
1102 893 1264 974 pravitas,

161 988 401 1071 impedimento
425 996 482 1052 aut
506 989 628 1055 damno
653 992 737 1056 luit:
760 993 848 1055 male
872 993 977 1072 gestis
998 992 1096 1056 rebus
1122 993 1264 1057 alterius

161 1107 357 1154 successum
374 1096 428 1153 est
441 1084 458 1153 τ’
472 1090 608 1155 tironem
632 1098 690 1157 aut
704 1092 793 1156 mala
807 1093 987 1175 disciplina
1002 1094 1187 1157 institutum
1203 1114 1262 1158 ex-

161 1191 302 1255 ercitum
317 1198 524 1273 acceperunt.
568 1191 628 1271 At,
653 1193 812 1267 Hercule,
834 1212 940 1275 reges,
962 1213 1029 1257 nou
1043 1194 1137 1259 liberi
1152 1195 1262 1261 sulum

160 1289 410 1374 impedimentis
432 1294 598 1367 omnibns,
623 1294 682 1357 sed
704 1294 829 1359 domini
853 1314 959 1359 rerum
982 1301 1262 1379 temporumque,¹¹

160 1393 297 1458 trahunt
322 1393 475 1457 consiliis
506 1404 637 1473 cuncta,
662 1416 729 1460 uon
761 1404 959 1480 sequuntur.
1005 1398 1157 1463 Invictus
1182 1420 1260 1482 ergo

160 1494 355 1561 Alexander
377 1515 455 1559 cum
478 1498 613 1560 invictis
629 1498 774 1561 ducibus
797 1499 886 1563 bella
906 1499 1079 1581 gessisset,
1095 1505 1127 1563 et
1141 1500 1258 1564 eadem

158 1598 304 1663 fortunar
326 1599 465 1681 pignora
487 1598 521 1661 in
544 1598 722 1663 discrimen
744 1600 930 1665 detulisset.
974 1600 1083 1664 Immo
1098 1603 1201 1665 etiam
1216 1622 1259 1667 eo

158 1698 240 1784 plus
258 1702 397 1784 periculi
412 1702 572 1772 subisset,
587 1701 679 1785 quod
699 1701 902 1767 Macedones
916 1722 1016 1767 uuum
1028 1702 1258 1770 Alexandrum

158 1801 367 1879 habuissent,
383 1802 500 1867 multis
516 1802 651 1867 casibus
664 1822 729 1867 uon
746 1805 857 1868 solum
872 1805 1066 1882 obnoxium,
1077 1805 1136 1869 sed
1154 1808 1258 1871 etiam

158 1903 349 1969 offerentem
379 1924 436 1968 se:
460 1903 624 1968 Romanis
652 1904 745 1969 multi
781 1905 935 1984 tuissent,
964 1906 1171 1985 Alexandro,
1201 1909 1257 1973 vel

157 2005 275 2087 gloria,
291 2006 345 2069 vel
358 2025 464 2069 rerum
481 2005 718 2087 magnitudine,
733 2025 851 2088 pares;
873 2024 1012 2089 quornm
1035 2026 1097 2070 suo
1112 2009 1257 2093 quisque

156 2106 241 2185 sato,
257 2110 329 2171 siue
344 2108 479 2190 publico
494 2106 697 2183 discrimine,
712 2109 839 2171 viseret
853 2114 1107 2191 merereturque.

201 2208 254 2273 19.
278 2206 411 2287 Restat,
437 2214 473 2273 ut
496 2209 607 2290 copiae
632 2208 741 2291 copiis
768 2216 1004 2291 comparentur
1028 2210 1083 2276 vel
1108 2228 1255 2286 numero,

157 2309 212 2373 vel
237 2308 379 2374 militum
404 2330 533 2391 genere,
559 2310 612 2373 vel
637 2309 851 2373 multitudine
875 2310 1085 2374 auxiliorum.
1131 2308 1256 2373 Cense-

156 2412 275 2475 bautur
290 2411 362 2494 ejus
378 2413 489 2477 aetatis
504 2412 617 2477 lustris
632 2412 765 2477 ducena
779 2412 1016 2495 quinquagena
1035 2410 1140 2476 millia
1159 2412 1254 2495 capi-

155 2512 254 2577 tum!
286 2512 418 2595 ltaque,
433 2514 467 2577 iu
484 2512 573 2577 omni
589 2513 777 2579 deiectione
790 2513 956 2577 sociorum
973 2512 1086 2577 Latini
1102 2513 1254 2589 nominis,

155 2614 282 2677 urbano
302 2634 406 2698 prope
422 2615 552 2679 delectu
568 2615 683 2679 decem
708 2616 936 2681 scribebantur
955 2616 1111 2698 legiones.
1159 2614 1254 2693 Qua-

154 2716 234 2779 terni
250 2716 408 2799 quinique
424 2716 590 2781 exercitus
607 2736 701 2799 saepe
720 2736 781 2799 per
803 2736 864 2780 eos
886 2736 994 2781 anuos
1010 2717 1044 2780 in
1060 2715 1201 2789 Etruria,
1217 2716 1253 2779 in

155 2814 309 2894 Umbria,
324 2816 435 2882 Gallis
450 2817 605 2882 hostibus
620 2818 802 2901 adjunctis,
823 2818 858 2880 in
878 2818 1027 2892 Samnio,
1045 2818 1081 2879 iu
1102 2816 1251 2879 Lucanis

154 2916 313 2999 gerebant
336 2918 470 2982 bellum.
515 2918 650 2983 Latium
676 2917 795 2982 deinde
819 2936 917 2981 omne
939 2937 1014 2982 cum
1044 2917 1192 2993 Sabinis,
1215 2923 1252 2980 et

154 3018 305 3096 Volscis,
327 3026 362 3083 et
386 3020 519 3102 AEquis,
541 3030 576 3084 et
597 3020 686 3083 omni
708 3020 903 3103 Campania,
925 3025 958 3083 ct
979 3026 1076 3101 parte
1099 3017 1250 3084 Umbriae

152 3118 374 3205 Etruriaequc,
384 3130 418 3187 et
428 3122 640 3201 Picentibus,
649 3130 686 3185 et
695 3120 835 3197 Marsis,
846 3118 1076 3202 Pelignisque,
1086 3116 1249 3184 acVesti·

183 3308 198 3345 ί
215 3312 569 3375 cannamomum
577 3312 665 3375 cisium
675 3307 1251 3373 mammarumque-lisama*

151 3374 193 3427 lue
202 3375 351 3433 intonetur,
361 3377 552 3433 emanante,
562 3378 602 3440 dc·

644 3504 750 3557 Now

182 3606 195 3632 ¹
212 3597 601 3664 matemautensem]
620 3602 678 3652 llec
717 3602 813 3653 clerice
827 3598 1026 3664 conprobatam
1041 3605 1092 3661 eet,
1113 3603 1159 3649 aut
1177 3612 1247 3647 cern·

150 3674 338 3725 Demosthenes
358 3684 502 3739 exaggeret
520 3676 679 3740 Olyntbirce
717 3676 822 3740 probari
838 3688 916 3739 porro
927 3672 1246 3737 peterit,qtreminrictir·

151 3758 173 3802 1.
197 3764 255 3801 cuer
281 3752 318 3802 alt
343 3752 493 3815 Philippum
520 3766 598 3803 unum
618 3766 677 3801 esee
715 3751 774 3801 siml
794 3749 920 3801 landerici
937 3761 997 3799 xrs.
1016 3748 1085 3811 regie
1102 3746 1184 3796 nostri
1205 3752 1245 3795 tet

150 3828 260 3876 omniurn
272 3827 452 3889 dominum,.et
461 3828 638 3892 dicendorum,
649 3836 677 3881 et
717 3826 858 3889 preclua,
868 3824 998 3887 ride-qne
1009 3836 1110 3871 omnem
1122 3833 1246 3882 superau-

149 3904 325 3966 tacetttlorntn,
337 3914 364 3953 et
374 3905 448 3954 simul
461 3904 521 3955 belli
532 3904 632 3967 ducem,
644 3920 675 3955 ec
717 3901 796 3963 libne,
804 3893 1245 3963 excenjnrrnndrmmodttcun

147 3994 232 4031 rerum
256 3988 398 4045 petentem,
419 3990 446 4030 et
470 3980 675 4044 distributorem,
716 3990 809 4029 nomeu
821 3975 924 4037 Europa
940 3984 1022 4035 prope
1033 3970 1153 4019 nuirerea
1164 3969 1245 4021 ricto·

148 4064 175 4106 et
186 4056 281 4121 ubique
294 4056 376 4120 ipeurn
388 4071 499 4120 praesse
511 4056 549 4106 rei
561 4057 674 4107 militari.
715 4055 770 4113 riis,
783 4066 841 4117 qua
858 4052 907 4099 boc
919 4049 996 4108 bello,
1013 4048 1089 4095 unius
1100 4060 1150 4094 noe
1160 4048 1243 4111 megin

148 4131 179 4181 ld
189 4145 251 4181 vero
258 4138 382 4194 qnantum
392 4133 503 4187 intersit,
514 4138 544 4181 ut
554 4132 675 4182 celeriter
715 4126 836 4191 auspiciis
848 4139 924 4189 quam
934 4122 1048 4175 comitti·
1056 4120 1193 4187 factisque,
1204 4121 1244 4174 fe·

147 4214 175 4258 et
190 4208 330 4257 seeundum
348 4210 571 4271 opportunitatem
583 4220 672 4259 unum·
713 4204 802 4255 liciter
812 4207 965 4264 reportate.

148 4283 266 4350 quodque
275 4282 331 4348 tint,
345 4285 417 4335 nollo
429 4298 540 4351 unquam
552 4284 672 4347 exemplo
