3150 4942
554 492 629 541 eru.
655 488 707 540 rx.
733 488 813 539 car.
837 474 890 539 19.
1186 474 1277 541 1237

168 637 343 723 jungenti!
386 635 463 701 Jam
479 636 512 699 in
529 655 628 719 opere
643 636 719 719 quis
735 656 798 718 par
814 634 970 698 Romano
985 633 1109 698 milesl
1132 636 1210 718 quis
1227 635 1271 700 ad

173 738 382 803 tolerandum
405 738 554 801 laborem
579 736 721 800 meliori
767 735 845 799 Uno
860 736 978 818 praelio
994 737 1104 799 uictus
1121 734 1274 800 Alexan·

174 842 233 905 der
255 841 345 905 bello
360 842 474 904 victus
493 848 593 904 esset.
639 839 843 916 Romanum,
859 859 957 921 quem
979 839 1159 916 Gaudium,
1175 860 1272 922 quern

173 942 300 1006 Cannae
317 960 380 1005 non
395 941 567 1023 fregerunt,
591 960 667 1024 quae
682 942 837 1021 fregisset
851 942 969 1005 aciesi
1014 940 1081 1005 Nae
1095 941 1152 1003 ille
1167 960 1272 1024 saepe,

172 1044 307 1107 etiamsi
321 1044 429 1126 prima
444 1061 605 1125 prospere
621 1042 821 1119 evenissent,
839 1042 962 1105 Perses
975 1049 1009 1106 et
1023 1040 1132 1105 Indos
1153 1049 1188 1106 et
1210 1044 1273 1107 irn-

173 1146 293 1209 bellem
303 1143 422 1207 Asiam
434 1142 644 1225 quaesisset!
655 1150 689 1207 et
703 1162 778 1207 oum
790 1142 939 1207 foeminis
954 1144 1017 1207 sibi
1033 1142 1159 1207 bellum
1169 1142 1274 1207 luisse

174 1246 337 1311 dixisset:
360 1244 452 1329 quod
478 1245 573 1328 Epiri
599 1264 707 1327 regem
731 1244 986 1322 Alexandrum,e
1008 1244 1176 1308 mortifero
1200 1244 1274 1308 vul·

174 1362 252 1413 nere
269 1349 382 1425 ictum,
399 1346 530 1411 dixisse
545 1348 663 1424 ferunt,
679 1354 802 1411 sortem
818 1348 980 1411 bellorum
1003 1344 1036 1409 in
1052 1344 1139 1411 Asia
1162 1354 1271 1428 gesto·

175 1468 247 1512 rnrn
264 1448 307 1513 ab
321 1448 384 1511 boc
404 1449 482 1531 ipso
501 1446 626 1529 jurene
641 1468 716 1512 cum
737 1466 799 1512 sua
814 1448 1048 1512 conterentem.
1093 1448 1274 1531 Equidem,

174 1568 250 1613 cum
266 1569 324 1633 per
338 1568 444 1613 annos
455 1557 596 1632 quatuor
608 1556 640 1613 et
654 1550 767 1631 viginti
782 1550 889 1632 primo
903 1549 1035 1614 Punico
1050 1549 1141 1613 bello
1155 1549 1273 1612 classi·

174 1652 238 1713 bus
262 1656 420 1716 certaturn
444 1670 519 1713 cum
543 1650 661 1715 Poenis
684 1651 851 1727 recordor,
865 1653 923 1715 vix
939 1658 1073 1715 eetatem
1087 1649 1274 1714 Alexandri

174 1752 387 1816 suffecturam
401 1752 507 1816 luisse
524 1771 598 1815 reor
613 1751 656 1815 od
672 1772 772 1815 unum
790 1752 924 1815 bellum.
971 1752 1015 1815 Et
1035 1752 1181 1830 forsitan,
1196 1770 1274 1814 oum

173 1858 207 1918 e't
221 1852 404 1917 foederibus
419 1854 564 1916 vetustis
583 1852 702 1936 juncta
724 1850 858 1916 Punica
880 1849 956 1915 res‘¹
979 1851 1148 1916 Romanee
1168 1858 1274 1929 esset,

174 1962 210 2018 et
224 1954 322 2017 timor
338 1973 397 2037 par
412 1953 573 2017 adversus
596 1972 805 2018 communem
828 1954 961 2017 bostem
977 1952 1062 2017 duas
1082 1953 1276 2037 potentissi-

174 2075 247 2119 mas
262 2057 363 2119 armis
379 2056 528 2140 virisque
544 2056 644 2120 urbes
659 2061 817 2132 armaret,
830 2056 929 2119 simul
949 2055 1082 2119 Punico
1103 2053 1275 2117 Romane

175 2176 240 2240 que
261 2157 397 2219 obrutus
419 2155 511 2219 bello
528 2163 630 2219 esset.
675 2154 755 2219 Nou
771 2155 905 2238 quidem
921 2154 1116 2219 Alexandro
1126 2160 1154 2191 ²⁰
1175 2155 1275 2230 duce,

175 2277 235 2323 nec
259 2258 394 2340 integris
420 2257 646 2321 Macedonum
671 2257 784 2333 rebus,
801 2256 882 2320 sed¹
905 2257 1035 2340 experti
1062 2260 1174 2319 tamen
1196 2264 1281 2319 suut-

176 2356 325 2422 Romani
341 2359 561 2423 Macedonem
584 2359 715 2422 hostem
738 2358 901 2422 adversus
914 2357 1129 2434 Antiochum,
1144 2356 1276 2440 Philip-

175 2478 268 2541 pum,
286 2460 423 2535 Persen,
438 2478 504 2522 non
519 2459 620 2523 modo
636 2478 711 2522 oum
728 2458 826 2522 clade
841 2459 921 2537 ulla,
944 2460 1005 2523 sed
1026 2480 1069 2523 ne
1092 2478 1169 2523 cum
1191 2460 1277 2540 peri·
1344 2499 1352 2517 .

176 2562 252 2625 culo
278 2560 414 2644 quidem
440 2578 516 2625 suo.
560 2558 662 2624 Absit
685 2560 813 2624 invidia
838 2562 965 2638 verbo,²
987 2567 1021 2624 et
1048 2560 1162 2624 civilia
1186 2558 1277 2624 bella

177 2807 184 2820 .
209 2750 219 2777 ⁶
236 2744 296 2821 9⁸oe
306 2744 422 2792 commode
432 2742 509 2793 diuidi
519 2743 546 2791 ire
553 2744 644 2805 globos,
661 2744 692 2793 ab
710 2742 987 2806 irreperotoremeteeode
1000 2742 1027 2791 ire
1037 2754 1112 2790 erem
1126 2754 1210 2803 corpur
1222 2756 1278 2789 eon·

169 2812 357 2985 'Yofflb
367 2876 393 2921 ut
405 2870 451 2920 eibi
462 2886 501 2921 ree
510 2871 597 2921 iterem
608 2877 668 2921 creet
679 2884 731 2919 eum
739 2870 806 2919 Aeioe
816 2868 912 2933 ignavie
918 2868 1040 2932 guttim,
1047 2882 1094 2917 ecre
1104 2881 1157 2916 cern
1166 2867 1280 2917 bbieoeie

204 2950 302 2987 amau.

177 3162 221 3211 τοῦ
234 3163 349 3213 araretur
357 3162 439 3215 niter!
455 3162 622 3213 Stroth-2⁰
644 3162 740 3211 ‘Forte
751 3174 798 3209 eoa
808 3158 851 3207 Ar.
862 3156 972 3222 quiden:
988 3153 1152 3218 nequeenim
1165 3155 1202 3204 ita
1215 3152 1278 3203 inei-

179 3242 241 3289 pere
253 3228 356 3290 quiderm
368 3237 412 3276 eut
425 3227 549 3291 praemitti
561 3228 628 3276 eolct
639 3226 673 3289 ei,
692 3226 725 3274 ed
742 3223 810 3288 quod
824 3220 968 3273 reseretur.'
986 3221 1126 3269 Bucen—l
1143 3222 1151 3248 ⁴
1164 3220 1280 3268 Florem.

177 3306 265 3357 rnautrs
278 3294 358 3353 prium
372 3294 455 3341 nescit
465 3291 495 3339 rt
505 3292 564 3340 red.-
584 3290 653 3356 quod
671 3290 766 3352 sapius
784 3288 940 3336 inculcatum
959 3286 1041 3333 inrito
1051 3282 1168 3332 Auctore
1179 3284 1278 3333 monui·

177 3370 242 3405 mres.
271 3356 375 3405 Deinde
386 3370 473 3405 ornnes
484 3356 575 3418 scripti
589 3356 709 3418 relegant
717 3354 901 3415 copulativam,
910 3364 968 3415 quere
981 3348 1279 3423 Plrilippumuconjungit

179 3435 237 3469 eum
249 3419 340 3470 Perre.
373 3421 558 3470 Scribendnm:
582 3420 640 3469 Non
655 3418 749 3482 quidem
764 3416 903 3466 Alexandro
919 3415 985 3467 dare,
1000 3428 1044 3461 aee
1053 3417 1155 3473 entegm
1167 3413 1279 3488 Macedo·

178 3498 235 3531 mn
245 3484 321 3546 retes,
333 3487 426 3547 experti
446 3491 524 3535 tmere
541 3489 597 3532 earet
616 3482 718 3532 Romani
737 3481 891 3530 Macedonem
905 3480 995 3527 boetem
1005 3477 1278 3533 ascomannorum,

180 3547 326 3610 Philippum,
348 3550 446 3606 Persen,
463 3563 511 3597 nore
528 3548 596 3596 modo
614 3562 667 3595 cum
687 3546 752 3595 clude
768 3547 826 3601 ello,
841 3546 883 3593 red
899 3557 929 3591 ne
941 3557 994 3589 cem
1009 3540 1113 3603 periculo
1124 3541 1278 3603 quidenruo.

178 3610 268 3661 Possis
281 3614 358 3663 etism
376 3613 515 3677 aruspicari,
534 3612 641 3661 aromo
659 3609 787 3665 Antiocho,
808 3607 928 3671 Philippo,
943 3604 1035 3655 Perre!
1048 3605 1075 3657 J.
1087 3606 1116 3655 F·
1128 3605 1279 3659 Gronov·-

670 3772 779 3823 NO'l'AE

210 3888 312 3945 ΨΜ·
335 3888 406 3951 Eric
426 3902 507 3949 rerem
531 3884 710 3947 lemurum]
781 3877 1093 3943 ‘ermenmarus
1103 3874 1279 3935 aarum.

179 3962 257 4013 Hunc
266 3964 445 4014 Alexandrum
453 3963 605 4025 Molossum,
614 3976 673 4012 cerm
686 3962 711 4011 ln
748 3958 837 4021 ceree]
848 3951 1084 4017 Fredereqmedem
1092 3949 1280 4011 Carthaginen-

180 4038 284 4088 Itelienr
296 4038 431 4101 transiret,
443 4036 524 4086 refert
533 4036 602 4087 cerr.
614 4037 632 4086 l.
640 4048 711 4085 xrrr.
751 4037 817 4085 rium
829 4048 888 4083 cnm
897 4028 1079 4089 Romeniejem
1089 4024 1195 4074 retulit:
1213 4039 1282 4089 pra-

180 4130 203 4166 c.
212 4120 254 4166 21.
266 4122 295 4165 nl
302 4114 359 4177 jum
368 4121 428 4164 anie
436 4121 586 4163 unnotalttm
596 4112 711 4174 est,di1-
751 4111 841 4159 septim
852 4107 898 4156 lib.
909 4118 1025 4166 menp,
1033 4105 1074 4151 Μ.
1084 4100 1142 4149 lm
1151 4108 1209 4164 pon
1217 4115 1281 4165 quo.

179 4188 710 4254 isre,seqnidemedRomenorire,qnesi
752 4200 804 4251 que
820 4190 953 4234 murrata.
988 4180 1029 4229 De
1047 4177 1099 4228 illis
1116 4177 1169 4226 lete
1187 4177 1281 4240 Polyb.

180 4268 207 4316 in
230 4268 381 4331 Μρωῖτινς
407 4267 580 4317 Macedonem
600 4266 651 4318 irre
676 4265 709 4315 ed
749 4262 849 4312 lib-ru.

178 4344 276 4394 Peme
289 4344 361 4410 queri
375 4344 400 4393 in
411 4342 578 4404 mensurius.
