3150 4942
296 425 368 494 976
766 439 802 487 r.
825 439 921 487 urvrr

340 582 395 645 27.
415 578 732 644 Camillusconsilio
747 586 782 642 et
797 581 921 644 virtute
945 579 980 642 in
1005 576 1138 643 Volsco
1163 577 1264 654 bello,
1287 577 1396 642 felici·

296 688 367 748 tate
380 683 413 744 in
427 679 623 744 Tusculana
635 678 859 762 expeditione,
868 680 1042 762 utrobique
1055 679 1214 760 singulari
1229 679 1395 743 adversus

298 781 459 862 collegam
488 781 654 864 patientia
681 788 717 844 et
743 777 971 844 moderatione
1010 779 1160 860 insignis,
1197 779 1398 860 magistratu

297 883 400 961 abtin
421 881 542 948 creatis
566 879 708 943 tribuitis
731 880 933 943 militaribus
953 887 979 929 ¹⁹
1020 879 1056 942 in
1080 881 1308 960 insequentem
1332 899 1395 944 sn·

295 1001 375 1046 num
385 977 400 1006 ⁶
414 983 454 1046 L.
468 989 502 1046 et
518 981 558 1044 P.
575 979 735 1056 Valeriis,
748 979 857 1044 Lucio
872 980 1036 1061 quintum,
1051 979 1178 1044 Publio
1193 981 1339 1058 tertium,
1358 985 1396 1046 et

296 1081 336 1148 G.
352 1083 471 1163 Sergio
486 1085 624 1157 tertium,
639 1081 680 1146 L.
696 1080 854 1144 Menenio
870 1081 1066 1152 secundum,
1078 1081 1138 1162 Sp.
1154 1080 1303 1162 Papirio,
1318 1080 1396 1147 Ser.

295 1183 454 1250 Cornelio
481 1182 725 1263 Maluginense.
768 1180 974 1246 Conantibus
996 1199 1130 1264 qnoque
1156 1183 1247 1261 eguit
1273 1199 1395 1260 annus,

294 1285 441 1348 maxime
462 1289 596 1365 propter
611 1283 772 1348 incertam
799 1283 924 1348 famam
945 1283 1026 1348 seris
1045 1282 1145 1346 alieni
1158 1288 1189 1361 ς’
1209 1301 1394 1365 aggravan-

294 1385 387 1448 tibus
401 1401 564 1447 summam
590 1384 691 1448 etiam
709 1383 846 1448 invidiae
870 1383 945 1467 ejus
961 1391 991 1420 ²⁰
1010 1384 1151 1448 tribunis
1173 1382 1294 1466 plebis,
1316 1402 1394 1449 curn

294 1484 339 1548 ab
353 1485 396 1548 iis
411 1483 605 1561 elevaretur,
626 1485 748 1566 quibus
773 1483 840 1549 lide
862 1484 972 1565 magis
991 1502 1092 1566 qnam
1112 1483 1246 1546 fortuna
1267 1481 1394 1548 doben·

294 1583 377 1647 tium
391 1583 544 1648 laborare
558 1582 718 1647 creditum
735 1583 844 1648 videri
854 1583 1084 1667 expediebat!
1110 1583 1220 1650 Grenti
1233 1601 1393 1648 censores

295 1682 334 1749 G.
348 1682 520 1766 Sulpicius
535 1683 743 1761 Camerinus,
757 1685 819 1767 Sp.
833 1683 1029 1748 Postumius
1043 1683 1256 1766 Regillensis.
1286 1683 1391 1767 Coep·

293 1791 397 1866 taque
408 1785 482 1866 J'am
496 1793 571 1850 res·
591 1793 695 1849 morte
710 1784 889 1862 Postumii,
904 1785 985 1867 quia
1004 1785 1166 1866 collegam
1191 1784 1299 1849 suffici
1314 1805 1391 1848 cen·

293 1883 378 1956 sori⁸
399 1883 516 1965 religio
530 1893 615 1960 erat,
640 1885 852 1966 interpellata
873 1893 938 1949 est.
983 1885 1091 1966 Igitur
1112 1905 1190 1950 cum
1213 1885 1390 1968 Sulpicius

294 1983 488 2048 abdicasset
511 2003 548 2048 se
564 1985 776 2065 magistratu,
801 2004 959 2049 censores
982 1985 1053 2061 alii,
1076 1987 1161 2049 vitio
1185 1987 1300 2059 creati,
1323 2005 1389 2050 non

295 2091 467 2165 gesserunt
483 2086 728 2167 magistratum.
772 2085 905 2150 Tertios
920 2085 1026 2150 creari
1038 2083 1146 2169 (velut
1161 2084 1239 2148 Diis
1252 2105 1317 2148 non
1332 2105 1389 2149 ac-

293 2186 496 2266 cipientibus
507 2187 539 2248 in
552 2200 629 2252 eum
641 2204 764 2249 aunum
774 2184 961 2264 censuram)
976 2185 1172 2265 religiosum
1186 2184 1260 2248 luit.
1306 2185 1389 2251 Eam

293 2304 373 2349 vero
394 2285 656 2350 ludificationem
683 2285 822 2369 plebisu
857 2285 981 2349 tribuni
1007 2283 1176 2348 ferendam
1211 2286 1389 2366 negabant.

293 2385 449 2466 ‘Fugere
473 2395 624 2451 senatum
649 2391 766 2462 testes,
786 2385 920 2450 tabulas
937 2385 1106 2467 publicas,
1130 2403 1255 2449 census
1277 2385 1391 2468 cujus·

299 2629 301 2636 ,
325 2579 339 2613 ¹
355 2581 467 2632 Tribunis
479 2583 556 2646 plebis
571 2583 713 2644 mentibus
727 2585 800 2632 elien
810 2588 880 2648 ceput
891 2583 951 2640 illsd
960 2582 1011 2632 cdii
1019 2582 1119 2644 neubi,
1132 2597 1185 2630 cass
1201 2581 1231 2630 ab
1241 2582 1290 2630 illis
1299 2581 1390 2648 (Μία

292 2643 396 2704 loribus)
407 2648 560 2702 minueretur,
572 2661 669 2709 quarm
683 2648 807 2703 intererat,
818 2653 847 2696 st
855 2651 980 2708 martur
990 2645 1113 2708 pressim
1123 2645 1236 2694 rrsddnsr
1245 2660 1290 2694 sorr
1301 2653 1349 2695 tusr
1360 2646 1389 2694 ol

290 2714 454 2771 numerium
463 2709 604 2766 debitorrrnr,
614 2725 682 2774 quan
692 2711 720 2760 od
730 2725 811 2761 emm
819 2711 983 2774 κάομαι
990 2710 1112 2765 millars.
1121 2715 1145 2760 st
1155 2723 1201 2758 m
1210 2711 1279 2758 nisi.

201 2949 205 2959 '
299 2929 302 2934 ¹
325 2952 357 2997 tu
373 2949 451 3010 Vulg.
463 2949 552 2998 creatis
562 2948 662 3000 militar.
672 2949 796 2999 bila-2⁰
812 2949 981 2998 ‘Perizonius
998 2947 1098 2998 emend.
1116 2949 1187 2998 stiunt
1197 2947 1294 2998 inridiae
1308 2963 1387 2997 msa.

295 3007 393 3063 Stroth.
416 3013 515 3061 isridioe
532 3027 597 3074 ergo.
610 3014 652 3061 rel
662 3013 689 3062 is
699 3015 815 3062 invidiosi
823 3013 881 3073 eius,
892 3013 961 3076 qnod
973 3014 1057 3062 mlnns
1068 3029 1084 3062 s
1096 3014 1164 3073 vulg.
1174 3015 1304 3075 scriptura
1315 3027 1386 3061 rece·

295 3077 341 3125 dit.
366 3076 647 3140 anrrrrscorrj.etinrrr
656 3077 770 3126 incidisse
780 3076 900 3126 tribum!
918 3077 1029 3139 Rupert.
1055 3077 1201 3126 ‘Klorkinr
1214 3077 1386 3126 inrenrrstin

292 3155 337 3190 ora
349 3140 446 3189 codicis
458 3139 514 3188 rui:
532 3141 571 3201 (in
584 3141 699 3203 plurimis
709 3155 770 3190 vero
780 3140 853 3203 locis,
864 3141 908 3189 ubi
920 3140 961 3188 bic
974 3143 1011 3189 rir
1021 3141 1185 3189 doctissimus
1197 3141 1293 3204 aliquid
1302 3141 1327 3188 in
1338 3154 1385 3188 suo

291 3203 350 3252 cod.
363 3203 470 3257 invenit,
483 3217 574 3264 magar
585 3205 700 3265 suspirio
711 3214 760 3260 est,
771 3219 829 3252 eum
839 3219 898 3253 suas
906 3205 1069 3267 conjecturas
1081 3205 1236 3264 iuvenisser)
1246 3205 1385 3254 etiusrrrrrrr·

291 3277 335 3316 sroe
344 3266 395 3327 <iss
405 3265 539 3316 trudant
553 3268 652 3318 Strotb.
685 3269 739 3318 Pro
749 3269 850 3318 inridiae
859 3268 1024 3318 scribendum
1040 3277 1130 3320 menet
1145 3269 1273 3332 Doeriug.
1283 3269 1384 3317 insidi«.

783 3397 892 3448 NOTAE

322 3491 336 3520 ⁸
353 3490 387 3540 Α.
399 3491 433 3539 U.
445 3489 474 3538 c.
485 3494 542 3540 m.
857 3493 923 3542 adeo
939 3499 979 3548 nt.
995 3491 1121 3541 moriente
1140 3504 1273 3541 censorum
1291 3489 1385 3552 altero,

322 3571 332 3598 ¹
349 3565 451 3625 Propter
461 3563 574 3612 incertam
583 3565 679 3624 samari
688 3567 745 3615 aris
758 3569 817 3616 olis·
857 3583 905 3617 uec
917 3568 983 3616 alius
994 3568 1021 3615 in
1032 3567 1159 3616 demortui
1170 3567 1252 3615 locum
1265 3578 1383 3626 surroga-

288 3639 327 3702 ra]
352 3636 428 3688 Quod
441 3637 506 3686 rarii
518 3652 632 3688 rumores
644 3641 677 3689 de
689 3643 816 3704 magnitu·
857 3651 939 3706 retur,
956 3649 985 3691 et
1004 3655 1109 3691 neceas
1122 3649 1191 3690 esset
1201 3641 1326 3702 collegam
1338 3639 1384 3688 ab·

290 3717 350 3765 diue
374 3714 432 3763 aris
452 3713 529 3763 alieni
545 3725 746 3780 spargerentur3
762 3721 817 3783 qui,
856 3719 946 3768 diesre
970 3731 998 3765 se
1021 3718 1181 3780 magistratu.
1214 3715 1282 3764 Vide
1303 3728 1383 3777 supra

289 3791 446 3854 singulorum
473 3789 611 3840 facultates
638 3807 683 3854 per
710 3808 817 3844 censum
856 3791 902 3842 lib.
913 3806 973 3841 Μ.
983 3794 1024 3840 st.
1034 3797 1062 3839 et
1073 3789 1141 3838 infra
1151 3789 1195 3838 lib.
1208 3801 1247 3838 rx.
1258 3803 1282 3837 e.
1293 3793 1333 3837 Sl.

287 3865 459 3929 inspiciendo,
482 3875 603 3930 poterant
624 3868 753 3934 dissipari,
773 3873 815 3921 rel
884 3876 900 3902 ⁸
922 3867 985 3916 Enss
1010 3881 1065 3916 cers
1091 3865 1273 3930 ludificationes·
1297 3863 1383 3927 ρίώὶε]

287 3939 443 3991 confirmari.
855 3942 1052 3993 contendebant
1064 3941 1170 4002 tribuni,
1187 3941 1253 3987 broc
1269 3939 1381 3989 censori-

321 4016 587 4080 'GoeprrqsejnmrerJ
606 4018 754 4076 Ceusrrs,et
766 4036 815 4084 per
855 4019 902 4068 bns
922 4019 985 4067 vitio
1004 4017 1099 4067 crastin
1121 4029 1199 4065 noros
1220 4029 1272 4064 non
1294 4028 1381 4063 surro-

288 4104 346 4140 eum
355 4091 635 4141 aestimrtinbouorum·
853 4095 931 4158 gandi
964 4094 1115 4156 religionen
1143 4105 1234 4138 rrnnm
1261 4103 1327 4150 esre,
1354 4096 1382 4136 rt

320 4165 664 4232 ⁸C⁰WsmtffitlcearcriJ
693 4169 814 4219 &neoris
854 4177 1026 4219 commentum
1043 4167 1153 4217 Senatus
1169 4163 1202 4213 sd
1218 4163 1380 4214 illudendam

208 4283 212 4290 .
288 4253 355 4291 mors
378 4239 517 4289 tristissimi
542 4241 633 4290 ominls
654 4243 812 4294 habebatur:
855 4246 934 4309 plebi.
