3150 4942
304 410 370 476 954
776 420 811 470 Τ.
834 415 930 468 thtr
1012 423 1016 431 '

305 571 396 634 cives
409 571 554 643 vestros,
580 561 786 648 prohibendo
804 559 978 647 judicatos
1000 559 1224 644 addictosque
1239 558 1331 637 duci,
1350 579 1399 624 ex

304 690 357 747 eo,
373 669 462 751 quod
477 664 583 732 affluit
598 665 722 748 opibus
736 665 869 740 ventris,
890 663 1092 729 eontinendo
1104 662 1324 728 necessitates
1338 663 1401 726 ali·

304 771 421 836 ommi
456 769 525 833 Sed
540 767 622 851 quid
637 785 701 848 ego
725 784 799 841 voa,
820 763 863 828 de
887 770 1000 828 vestro
1022 763 1237 847 impendatis,
1256 763 1397 828 hortorl

304 871 431 935 Sortem
444 870 604 953 aliqnam¹
616 867 721 944 serto:
735 865 777 930 de
793 865 905 948 eapite
918 865 1082 942 deducite,
1098 865 1190 950 quod
1202 867 1315 930 nanda
1322 887 1399 949 per·

302 976 508 1036 numeratum
522 979 592 1036 est:
610 968 685 1052 jam
705 967 811 1030 nihilo
832 985 908 1030 mea
929 967 1035 1044 turba,
1059 984 1159 1049 qnam
1179 967 1292 1045 ullius,
1317 987 1397 1033 oon·

302 1075 448 1157 spectior
462 1072 534 1136 erit.
577 1068 626 1134 At
647 1069 746 1146 enim,
773 1066 854 1150 qnid
874 1067 923 1131 ita
947 1068 1040 1132 aolus
1060 1086 1123 1150 ego
1140 1067 1263 1132 uirium
1283 1088 1394 1134 curam

301 1175 388 1256 agol
427 1172 544 1238 Nihilo
571 1171 690 1254 magis,
716 1168 810 1253 quod
830 1167 1062 1251 respondeam,
1092 1167 1214 1246 habeo,
1235 1187 1336 1252 quam
1365 1172 1395 1234 ei

301 1291 444 1357 quaeras,
468 1273 548 1357 quid
570 1273 617 1337 ita
642 1271 738 1336 solus
752 1269 958 1352 Capitolium
974 1287 1152 1352 arcemque
1167 1272 1394 1336 narraverim.¹

300 1376 346 1440 Et
359 1381 431 1439 tum
447 1373 621 1450 universis,
644 1391 745 1456 quam
759 1371 867 1454 potui,
893 1389 991 1453 opem
1008 1372 1082 1448 tuli,
1102 1376 1137 1434 et
1149 1389 1239 1434 nuno
1253 1371 1392 1453 singuiis

299 1476 415 1542 ieram.
459 1473 550 1539 Nam
566 1474 657 1557 quod
672 1473 715 1539 ed
736 1473 910 1537 thesauros
924 1471 1081 1537 Gallicos
1096 1471 1227 1548 attinet,
1241 1491 1323 1549 rom,
1337 1493 1393 1537 au·

299 1582 376 1658 apte
389 1584 507 1640 natura
520 1575 663 1651 facilem,
678 1571 846 1639 difficilem
861 1574 1070 1655 interrogatio
1084 1573 1177 1638 iacit.
1221 1572 1291 1636 Gur
1303 1573 1393 1636 enim

298 1677 460 1761 quaeritis,
475 1676 565 1760 qood
587 1676 705 1742 aritini
727 1695 797 1751 our,
811 1675 901 1757 quod
921 1675 956 1738 in
970 1677 1044 1739 sinu
1058 1681 1171 1740 vestro
1187 1681 1264 1750 aet,⁸
1277 1675 1392 1738 excuti

292 1777 437 1860 iubatis‘
456 1777 582 1861 potius,
600 1795 699 1860 quam
724 1775 886 1858 ponatis)
908 1775 976 1839 nisi
1000 1775 1113 1859 aliqua
1137 1774 1229 1839 frana
1251 1776 1391 1840 nubenti

752 1938 813 1959 ΜΟ
816 1937 933 1958 ΝΝΜΙ

327 2061 361 2107 2⁰
377 2056 435 2108 Siue
443 2062 472 2107 et
482 2061 505 2108 et
516 2057 566 2120 ipre
576 2056 693 2107 Gronov.
704 2054 810 2118 Donjat.
821 2051 985 2103 crerier-l
1002 2054 1081 2118 vntg.
1095 2054 1226 2104 aliem-t
1243 2053 1321 2115 Vulg.
1338 2067 1389 2102 aer·

295 2123 428 2172 enen-e
445 2123 498 2174 Pro
512 2121 609 2185 manta
623 2121 709 2170 malim
727 2119 846 2184 equidem
857 2119 982 2181 pemati,
1000 2118 1024 2168 lr·
1041 2133 1066 2169 e.
1079 2119 1148 2183 qood
1166 2118 1244 2182 paolo
1254 2124 1314 2182 port
1325 2116 1390 2166 diei·

786 2245 893 2297 NO'l'AE

327 2345 438 2397 'Sortem
448 2347 550 2412 aliquan
560 2345 658 2411 [aliam]
665 2341 743 2406 ferte]
755 2345 821 2393 Mae.
860 2342 1044 2406 interpretari:
1062 2343 1192 2393 Summam
1210 2341 1389 2406 principalem,

294 2427 322 2472 et
338 2421 464 2471 editiunea
481 2424 593 2486 antiqua
613 2426 700 2470 cortem
718 2421 823 2482 aliquem
860 2415 1002 2480 rivecaput
1013 2417 1390 2473 debiti‚imrnutate‚utalinet

286 2497 361 2556 ferte.
392 2497 443 2546 Sed
456 2511 507 2546 nun
518 2497 560 2546 hie
571 2495 672 2546 nodus:
689 2509 778 2546 rerum
793 2496 820 2545 in
858 2495 951 2549 minor,
970 2493 1095 2545 detracti·
1112 2507 1145 2543 ax
1162 2508 1195 2543 ea
1212 2493 1307 2554 naaria,
1325 2492 1388 2544 tiata

293 2570 445 2635 acceptione
453 2571 604 2632 verbiserre,
611 2578 638 2621 et
646 2571 753 2621 neminie
759 2585 820 2634 erra,
860 2571 910 2635 vel,
921 2571 1017 2636 offerte
1026 2586 1109 2621 aomar
1119 2570 1160 2618 vei
1171 2569 1243 2618 alien
1254 2581 1388 2632 rotumam,

293 2661 352 2710 qun
369 2659 420 2695 nou
440 2660 517 2695 unum
534 2645 632 2695 habent
652 2645 821 2696 intellectum.
858 2644 890 2694 ab
901 2659 1019 2711 ecquam
1037 2647 1120 2695 cauria
1136 2644 1248 2708 adjectia
1263 2643 1386 2707 multipii-

293 2721 363 2780 Nern
374 2720 443 2785 quod
455 2719 487 2771 cd
500 2733 554 2770 rem
568 2721 692 2784 pertinet,
707 2736 758 2770 eoru
767 2721 820 2771 diei
857 2721 950 2782 caatia3
962 2722 1003 2770 vei
1013 2730 1111 2771 certam
1121 2720 1243 2791 aliquam,
1251 2731 1309 2783 que
1321 2731 1387 2767 aem·

292 2803 382 2859 pateat
407 2811 454 2858 pro
481 2809 580 2846 ramma
602 2796 748 2860 principali,
773 2811 819 2846 eeu
858 2797 1007 2858 peneadem
1023 2798 1068 2861 ait,
1083 2809 1133 2845 nec
1148 2809 1196 2859 per
1212 2793 1385 2844 accessionem

292 2871 379 2935 capite
397 2871 494 2930 debiti;
511 2880 539 2921 et
557 2886 604 2935 pro
621 2872 769 2924 conditione
788 2887 820 2923 ae
857 2885 992 2921 naurarnm
1005 2873 1031 2921 in
1042 2872 1216 2921 dieacreaeet.

291 2949 444 2997 atetnrarin
462 2947 819 3014 hominum,rerurn,tempo·
888 2947 986 3002 ‘Quod
1002 2947 1030 2996 ia
1047 2949 1194 2997 riaacmro
1209 2943 1257 3007 eat]
1273 2945 1385 3009 Proprie
1464 2952 1467 2956 ’
1566 2974 1567 2981 1

290 3037 356 3079 ram,
369 3023 423 3072 aive
442 3037 489 3087 pru
504 3021 618 3073 fortuna.
652 3023 757 3073 Ferendt
774 3038 819 3074 au·
855 3020 922 3069 eiaaa
931 3023 1010 3072 veatie
1022 3022 1114 3086 (prout
1127 3024 1169 3072 lrie
1179 3021 1301 3085 anmitnr)
1314 3020 1384 3072 ride·

292 3104 345 3146 tem
359 3097 465 3147 uerbum
479 3099 520 3147 rei
537 3098 602 3147 anmi
619 3104 705 3160 puteat
722 3112 768 3160 pro
785 3113 818 3148 eo
856 3100 899 3144 tar
909 3093 989 3146 iniere
1001 3111 1060 3161 para
1071 3097 1191 3162 quedam
1202 3103 1324 3161 tanquam
1338 3109 1383 3144 ex·

290 3171 361 3235 qnod
373 3179 414 3220 eat
426 3172 547 3235 tolerare,
559 3171 627 3234 pati:
645 3172 687 3220 vel
704 3185 760 3235 pro,
779 3171 817 3222 af-
856 3183 963 3221 currem
979 3173 1005 3221 in
1017 3172 1111 3224 dextra
1128 3172 1232 3236 lacinia,
1248 3179 1279 3222 ut
1297 3178 1384 3236 togae

290 3245 368 3308 ferre,
384 3260 538 3309 proponere,
558 3245 629 3303 dare,
646 3252 675 3296 ut
685 3262 742 3297 enm
755 3247 817 3297 diei·
855 3242 949 3294 dextre
960 3245 985 3294 in
997 3246 1127 3296 aiaiatrum
1143 3247 1276 3296 humerum
1292 3246 1383 3310 rejice-

289 3336 355 3378 mua,
366 3337 457 3372 novam
468 3322 643 3374 conditionem
652 3324 729 3373 alieni
737 3323 818 3375 ferre.
855 3327 936 3369 reiut·
968 3322 1008 3371 Eo
1026 3322 1098 3372 reiut
1116 3335 1179 3386 pera
1195 3321 1306 3372 Romani
1321 3322 1383 3371 olim

290 3395 436 3445 Gronovius
462 3395 499 3445 ita
519 3397 645 3460 explicat,
670 3399 744 3460 quari
768 3398 818 3449 hoe
854 3395 1004 3455 niebflniut·
1022 3411 1082 3448 cum
1099 3397 1267 3448 ft¹¹¹⁰¹¹lib¹¹⁸
1285 3406 1312 3447 01
1328 3412 1382 3446 Μ·

289 3469 404 3520 Manliae
415 3470 495 3520 velit:
511 3472 603 3520 ‘Sorte
616 3473 719 3521 tandem
732 3473 817 3539 aliqua
853 3470 919 3519 nicia
936 3478 965 3522 nt
980 3474 1114 3536 plurimum
1134 3482 1264 3524 carerent.
1304 3472 1382 3524 Unde

289 3551 318 3596 et
336 3545 452 3609 pecunie
471 3558 568 3595 nummu
584 3539 701 3595 contenti
719 3555 816 3604 eatote,
853 3543 966 3596 ‘habere
977 3549 1003 3597 in
1014 3549 1087 3599 rinu’
1101 3557 1151 3609 ert,
1162 3551 1232 3614 apud
1243 3564 1280 3608 ae,
1290 3549 1346 3598 aire
1355 3550 1380 3598 in

289 3635 411 3671 neceam
428 3629 552 3672 renovate
571 3635 673 3683 aemper
690 3625 816 3674 anatocia·
853 3635 900 3671 aaa
922 3632 1053 3687 potestate
1073 3625 1179 3682 habere,
1203 3632 1325 3688 tanquam
1349 3638 1381 3674 ea

287 3694 354 3757 mia‚'
371 3695 458 3756 idest,
473 3695 631 3761 nimieque
650 3711 700 3746 non
716 3699 816 3750 rnlrau-
853 3711 912 3760 qna
933 3700 1064 3751 nobiccum
1083 3699 1196 3751 ferimur.
1231 3699 1337 3749 Dieltur
1353 3707 1382 3750 et

288 3776 341 3830 tur,
349 3769 380 3819 ad
390 3785 511 3819 nummum
524 3771 617 3822 crediti
629 3773 738 3823 additia:
756 3790 814 3839 quar
852 3772 896 3822 ‘in
908 3774 991 3825 einum
1002 3777 1151 3842 conjicere,’
1167 3790 1214 3840 pro
1225 3773 1315 3825 furari.

286 3846 418 3897 contentia
428 3847 490 3897 ratir
501 3848 634 3898 commode
644 3849 756 3901 videtur.
771 3851 816 3904 Sic
883 3850 892 3882 ⁸
907 3851 1109 3918 Emtijadetie]
1125 3852 1206 3906 Quart
1221 3865 1237 3900 e
1253 3852 1311 3901 aina
1323 3865 1381 3903 rea·

287 3922 366 3972 etiem
378 3922 459 3986 accipi
470 3931 563 3987 pomer,
573 3933 603 3974 nt
614 3931 692 3989 earet,
704 3927 814 3991 aliquant
852 3928 903 3980 tro,
913 3926 957 3975 ubi
967 3927 1107 3978 reconditiz
1123 3927 1287 3992 proaeqnitor
1298 3933 1378 3977 mete·

287 3997 442 4046 calamitati·
454 3997 564 4059 publiea
583 4007 681 4062 purtem
699 4017 715 4051 a
733 4004 814 4066 patri·
851 3998 966 4060 phorum.
999 4003 1079 4052 ‘Non
1099 4003 1172 4066 plebe
1188 4007 1314 4052 excutere
1334 4002 1380 4051 de·

287 4071 333 4120 ciir
344 4070 515 4120 credituribna
533 4072 701 4131 calcandam,
714 4086 741 4124 ut
756 4091 814 4126 iren·
849 4072 914 4136 bet,’
929 4083 957 4124 et
982 4091 1099 4141 quaerere
1126 4077 1194 4142 qood
1219 4077 1377 4128 occultato·

193 4181 194 4186 ,
287 4159 328 4192 rae
337 4159 370 4194 ex
379 4143 639 4196 ereditodeducendu
647 4149 815 4200 sublevarent
850 4156 900 4202 eet,
918 4150 963 4199 aed
977 4166 1021 4204 roa
1038 4153 1089 4218 ipei
1108 4166 1272 4218 expromere,
1290 4163 1321 4200 ae
1336 4164 1377 4200 re·

287 4221 403 4286 plebeior
414 4220 555 4272 debitorer.
577 4223 677 4276 Licebit
689 4226 767 4276 etiam
777 4228 813 4276 ita
851 4224 969 4278 nituere.
