3150 4942
574 411 645 458 ern.
670 411 721 458 vr.
744 412 827 460 nna.
850 398 903 461 29.
1218 399 1283 464 981

190 553 392 622 subditione
416 552 704 617 Praenestiuorum.
746 551 803 616 Ad
824 573 867 618 aa
885 555 1115 618 circumlatum
1139 555 1285 620 bellurn:

189 657 429 738 deincepsque,
452 652 541 718 hund
562 671 681 735 magun
701 655 1013 736 cartamiueeaptia,
1027 654 1174 719 Velitrae
1189 677 1285 722 exer·

190 757 280 820 citus
309 755 442 820 ductus.
486 751 545 818 Eur
570 772 704 835 quoque
729 759 942 836 expugnatae.
986 753 1074 817 Tum
1103 754 1148 818 ad
1179 765 1283 838 eaput

188 857 269 922 belli
291 857 461 920 Praeneste
487 860 629 918 ventum.
675 854 714 917 Id
738 875 805 918 nou
825 856 869 930 vi,
893 855 952 918 sed
981 875 1041 938 per
1067 855 1283 935 deditionem,

187 965 358 1040 receptum
372 962 434 1019 ent.
476 955 518 1020 T.
535 953 705 1032 Quintium
730 955 835 1020 semel
850 956 926 1050 acia
949 956 1068 1030 vietor,
1095 955 1185 1020 binis
1205 976 1282 1021 cue·

186 1059 247 1122 tris
263 1057 418 1132 hostium,
441 1073 562 1118 novem
585 1053 742 1138 oppidis'¹
766 1057 800 1120 ri
819 1058 941 1137 captia,
967 1055 1141 1120 Praeneste
1168 1059 1201 1120 iu
1219 1058 1280 1123 de-

186 1159 348 1223 ditionem
372 1165 528 1238 acceptu,
550 1155 695 1219 Romam
723 1157 882 1220 reuertit:
914 1155 1187 1239 triumphansque
1214 1159 1281 1240 sig·
1374 1201 1377 1206 -

185 1277 277 1334 num,
288 1258 458 1322 Praeneste
473 1253 667 1333 deventuru‚¹
675 1255 698 1320 J
700 1258 774 1321 ovis
791 1257 1011 1338 Imperatoris
1025 1260 1056 1320 in
1069 1257 1279 1339 Capitolium

184 1360 270 1424 tulit.
314 1356 517 1420 Dedicatum
540 1363 593 1420 est
616 1358 701 1421 inter
725 1357 849 1420 uellam
873 1356 971 1422 Jovis
995 1378 1035 1421 au
1066 1357 1281 1424 Minervae:m

186 1458 366 1539 tabulaque
386 1458 450 1520 sub
463 1477 504 1521 eo
520 1455 601 1533 fixa,
616 1463 867 1520 monumentum
892 1476 999 1520 rernm
1023 1464 1203 1537 gestarum,
1227 1459 1281 1522 his

186 1559 287 1622 farma
307 1559 414 1621 incisa
436 1557 569 1622 literis·¹
591 1557 715 1620 suitz¹²
741 1557 897 1640 ‘Jupiter
916 1566 1019 1640 utque
1048 1557 1133 1620 Diri
1162 1577 1281 1624 omuee

186 1659 250 1722 hoc
267 1657 438 1731 dederunt,
452 1665 490 1720 ut
510 1657 553 1720 T.
576 1655 735 1734 Quintius
759 1657 906 1721 dictator
927 1656 1058 1739 oppida
1079 1676 1200 1722 noram
1224 1679 1280 1722 cu-

185 1757 300 1842 peret?
343 1759 410 1821 Die
436 1757 637 1834 uicesimo,¹¹
660 1777 758 1840 quam
782 1763 912 1822 creatus
938 1765 1034 1834 erat,⁰
1054 1757 1223 1822 dictatura
1242 1777 1280 1824 ee

186 1857 367 1923 abdicavit.

641 1955 729 1977 nnn
732 1955 822 1977 coeno

186 2071 284 2121 latrium
295 2081 345 2117 nou
355 2074 480 2132 praterea,
495 2065 540 2119 eati
550 2082 593 2132 per
603 2083 630 2116 eu
641 2066 762 2130 ternpore!
778 2069 843 2115 Teu.
862 2069 1021 2118 Patren-ra
1037 2068 1106 2118 ‘Hie
1116 2070 1196 2127 serere
1204 2070 1281 2120 ieeiee

184 2135 263 2183 literie
274 2133 337 2192 suit.
370 2133 411 2182 ef.
423 2133 496 2181 Fert.
508 2147 564 2182 roe.
575 2135 583 2162 ⁸
594 2131 745 2189 luteorum:
755 2145 788 2177 ex
801 2145 851 2193 quo
864 2132 969 2192 Pighiue
987 2133 1061 2192 ptura
1077 2133 1176 2193 adjecit
1193 2134 1279 2188 rerba,

186 2213 245 2261 quta
266 2197 393 2245 Gruterus
410 2197 487 2246 etiem
506 2198 531 2258 iu
552 2196 712 2255 exemplaria
730 2194 796 2242 Lirii
816 2196 913 2242 retulit.
944 2193 996 2243 Sed
1010 2209 1040 2242 re
1052 2196 1077 2242 in
1089 2197 1158 2242 nullo
1170 2197 1280 2257 reperiri

185 2262 251 2310 libro
263 2266 316 2309 aut.
329 2267 355 2308 et
365 2261 463 2309 Livium
475 2261 500 2308 ir.
513 2263 530 2309 l.
543 2259 735 2319 diuieeesrrere,
746 2257 863 2317 adunque
874 2264 957 2306 totum
970 2258 1073 2306 titulum
1086 2259 1126 2306 rel
1138 2259 1279 2321 ignorare,

184 2326 226 2374 rel
238 2338 380 2374 memorare
392 2325 574 2387 uoluieea‚jeur
588 2325 687 2371 monuit
698 2319 787 2370 Gron!
801 2321 901 2382 ltepert.
932 2321 990 2368 vid.
1005 2322 1066 2370 Not.
1079 2321 1206 2372 Vae-tt
1219 2324 1227 2350 ‘
1238 2323 1280 2370 Vi·

181 2389 272 2449 gerim
282 2388 361 2438 Grut.
372 2389 486 2438 (irnuor.
498 2388 613 2438 crerier.
625 2387 668 2436 etl.
696 2385 880 2434 enumeratum
897 2384 961 2434 Mee-
974 2385 1099 2448 nonnulii,
1114 2385 1181 2434 haud
1199 2385 1280 2435 artetes

184 2452 278 2502 suaet.

677 2543 783 2595 NO'I'AE

184 2649 234 2694 erto
244 2658 286 2706 per
297 2657 323 2693 eu
335 2647 458 2705 temporu‚·
471 2641 537 2705 quot
545 2641 608 2690 eutie
618 2639 711 2688 intelli·
752 2639 847 2688 dorium
865 2639 967 2702 euripeit
977 2639 1009 2687 T.
1022 2639 1146 2691 Quintiae
1157 2640 1280 2698 dictetur.

185 2721 252 2784 gitur
263 2735 296 2770 ex
305 2720 438 2782 praeterlto
446 2717 599 2781 imperfecto
609 2722 686 2766 erum.
752 2727 808 2762 eum
817 2727 962 2777 pernoram
970 2713 1025 2763 dier
1034 2714 1142 2763 totidem
1154 2715 1239 2777 urbae,
1248 2729 1279 2763 ee

215 2795 336 2844 *Nouem
350 2794 452 2858 oppidu]
469 2793 582 2843 Velitrae
600 2806 646 2854 pro
665 2806 710 2855 op·
751 2789 878 2836 deciment
891 2787 1026 2837 Praeueete
1040 2788 1168 2850 repleret!
1202 2789 1279 2839 Quod

184 2871 246 2935 pido
262 2871 351 2933 habet,
370 2877 398 2918 et
415 2875 475 2918 octo
491 2867 710 2917 Proenaetinorum
752 2863 865 2925 ‹licitper
875 2863 1066 2920 meemuiemre
1078 2861 1133 2911 diee
1144 2864 1279 2911 continnae

184 2944 288 3009 oppidie
300 2945 381 2992 utute.
751 2946 841 3000 putem
857 2937 922 2988 feeit
943 2937 1067 2986 dieteutie
1088 2939 1245 2987 Velitrarum
1264 2955 1279 2987 e

216 3018 351 3078 'Sigerum
365 3015 627 3078 Praeeerterieeertrrm]
657 3013 711 3063 Au·
752 3013 907 3062 Prourete:
932 3013 1053 3060 celeriter
1079 3011 1182 3074 quidem
1204 3012 1281 3073 lrujue

186 3101 259 3142 verte
286 3105 381 3140 ruerem
409 3091 580 3140 Romanorum
607 3091 712 3139 numine
751 3086 901 3137 Quintiano
918 3083 1090 3146 expeditiouie
1103 3099 1137 3132 ex
1152 3084 1195 3133 die
1208 3085 1280 3133 muta
1345 3091 1350 3097 '

185 3173 319 3229 nuptarum
331 3165 430 3214 urbium
447 3164 573 3213 eroeaurlt
585 3179 616 3213 eu
628 3171 712 3212 trane·
750 3166 817 3207 aare
829 3158 967 3207 dictatore
982 3158 1046 3207 eetie
1063 3165 1152 3221 petrtz
1173 3157 1218 3207 ead
1231 3159 1281 3208 uiei

185 3240 286 3290 serendi
299 3241 412 3289 Romam.
430 3241 496 3290 Vide
508 3240 553 3290 lib.
567 3253 593 3288 v.
606 3243 711 3302 repat.
752 3237 827 3298 plure
848 3236 945 3297 opptue
965 3233 1057 3283 ‹liebue
1076 3233 1184 3296 ringulie
1201 3243 1280 3298 cepte

185 3325 210 3365 et
221 3320 260 3368 22
270 3315 302 3364 de
315 3315 433 3363 Veiorum
444 3315 461 3365 J
465 3329 556 3363 renone·
751 3311 813 3370 aiut,
823 3312 879 3372 quie
900 3323 1010 3372 uuqurur
1028 3309 1157 3357 exercitur
1173 3323 1224 3357 uuo
1236 3309 1281 3358 die

216 3397 234 3422 ¹·
251 3389 320 3438 Inter
328 3390 408 3438 eelim
415 3388 521 3438 Jorirne
530 3385 659 3449 Mineruae]
670 3387 711 3436 De
752 3385 843 3447 viginti
855 3397 974 3445 paeruuru
985 3383 1066 3430 millia
1079 3381 1119 3430 bie
1131 3385 1241 3438 emetiri,
1252 3391 1282 3433 et

184 3463 222 3513 irie
234 3464 304 3512 callie
312 3477 389 3527 rupee
400 3477 458 3526 rep.
470 3468 494 3514 4.
752 3459 876 3522 oppidum
892 3458 1055 3506 nihilomiuue
1066 3470 1216 3520 repugnare
1234 3473 1281 3522 po.

218 3548 231 3572 ¹
249 3539 298 3588 Hie
311 3538 388 3597 ferm
398 3538 472 3587 maire
489 3537 579 3599 literie]
594 3535 713 3596 'risertne
754 3535 822 3583 tuit?

185 3613 317 3664 Gronorio
337 3619 408 3662 recte
425 3612 528 3662 ridetur
547 3612 713 3661 iudicarato·
784 3607 861 3657 ⁰Die
877 3605 996 3666 metuo,
1010 3620 1080 3669 quare
1103 3611 1196 3655 ereum
1215 3607 1282 3670 net]

184 3695 238 3737 tum
251 3687 411 3737 titrrlrrmeuir
424 3687 509 3737 rarbie
519 3702 568 3736 uou
580 3687 713 3737 ilrieeeex·
753 3683 902 3734 Rotundum
921 3683 989 3730 inne
1013 3695 1147 3731 numerum
1174 3692 1281 3732 eerotur

184 3763 319 3825 seriptum.
355 3761 463 3824 Pighiue
474 3775 506 3811 ex
519 3763 596 3811 Faetn
607 3761 709 3810 reetitu·
752 3766 793 3807 eet
804 3757 961 3819 Eutropine;
976 3762 1035 3803 euut
1045 3762 1132 3804 temen
1143 3754 1203 3805 iibri
1214 3758 1283 3819 opti-

184 3851 228 3886 ere
248 3843 356 3886 couetue
372 3844 423 3900 eet,
439 3837 548 3901 ejneque
564 3836 712 3900 iurariptio·
752 3847 802 3882 men
815 3840 893 3894 notre,
909 3831 935 3880 in
950 3829 1043 3893 quibua
1061 3830 1282 3892 scripturaruum

184 3926 242 3960 nem
265 3909 388 3960 audreiue
411 3925 487 3973 quem
513 3909 662 3974 prudentiae
685 3911 712 3959 in
752 3905 928 3962 aicmodiu
945 3903 1282 3970 quodsigouiueinterpre·

185 3985 252 4035 Livii
280 3992 430 4034 eontartnnt
452 3985 580 4034 Gruterue
599 3983 713 4034 intrusit.
753 3989 833 4044 tetur,
845 3977 1099 4032 vicesimosecundo.
1114 3992 1174 4028 enm
1185 3981 1220 4029 eit
1235 3981 1281 4031 ele·

185 4060 272 4109 Verba
292 4060 361 4108 Feeti
380 4061 404 4108 iu
421 4060 713 4108 vnce‘l‘rirntamter·
753 4058 821 4105 elme
839 4063 940 4104 oetaeo.
973 4053 1164 4102 Auctoritatem
1182 4056 1281 4119 qnippe

187 4133 429 4202 tiunr’eiclrrbent:
447 4132 712 4182 ‘Trieutaurtertinur
755 4131 846 4192 Nouii,
867 4130 911 4191 qui
930 4141 955 4176 c.
977 4131 1001 4175 2.
1026 4127 1080 4176 enit
1100 4129 1282 4178 rleedeeieeeiera

186 4208 272 4272 pondo
289 4223 410 4258 coronam
427 4222 529 4259 enraem
541 4208 642 4258 dedisse
652 4206 713 4257 Jori
753 4207 792 4255 ite
802 4203 855 4253 rlici
866 4211 894 4252 nt
905 4203 1049 4264 luerim,
1060 4203 1108 4251 riri
1125 4202 1194 4252 (loeti
1205 4217 1282 4268 repn.
