3150 4942
586 457 659 504 nra.
682 456 739 503 rx.
760 456 841 505 oar.
863 443 896 506 9.
932 417 934 420 ⁵
1195 449 1284 515 1218

184 603 288 687 juxta
307 601 439 667 divium
451 600 627 683 religiones
650 600 735 666 tides
749 602 893 667 hnmana
907 601 1046 667 colitur:
1066 605 1127 669 aad
1151 607 1281 689 injussu

188 703 307 789 popnli
321 722 406 785 nego
416 702 597 787 quicquain
612 702 736 766 sanciri
748 721 860 785 posse,
873 705 963 787 qnod
975 706 1139 788 populum
1155 716 1282 776 teneat.

189 806 257 880 An,
273 806 304 870 si
316 804 433 869 eadent
448 804 618 887 snperbia,
628 822 696 886 qua
710 806 923 887 sponsionem
934 806 1032 871 istam
1047 818 1284 891 expresserunt

187 907 288 971 nobis
310 904 489 983 Samnites,
512 903 703 987 coegissent
720 924 782 971 nos
803 908 908 972 verba
926 906 1078 989 legitima
1091 908 1283 978 dedentium

188 1009 288 1073 nrbes
302 1015 521 1089 nuncupare,²¹
543 1006 691 1072 deditum
706 1008 866 1090 populum
879 1008 1069 1073 Romanum
1084 1029 1146 1076 vos
1157 1013 1282 1077 tribuni

189 1110 356 1188 diceretis,
380 1114 415 1173 et
438 1109 523 1172 hano
539 1109 672 1183 urbem,
695 1107 832 1191 templa,
859 1106 1012 1185 delubra,
1038 1110 1135 1190 tinas,
1162 1130 1281 1196 aquas,

189 1212 387 1277 Samnitium
397 1211 498 1282 assei
514 1208 640 1275 Omitto
652 1209 1032 1293 deditionem,qnoniam
1042 1213 1282 1297 desponsione

189 1315 308 1397 agitur.
355 1311 446 1391 Quid
461 1312 606 1391 tandem,
622 1310 652 1375 si
672 1311 982 1395 spopondissemus,
997 1316 1113 1379 urbam
1128 1317 1214 1382 hanc
1229 1338 1282 1399 re·

188 1416 340 1481 lictururn
357 1415 518 1497 populum
533 1412 747 1478 Romanumi
771 1414 803 1477 si
817 1414 1054 1480 incensumm‘t
1069 1419 1098 1481 si
1109 1421 1283 1501 magistra·

190 1524 258 1594 tus,
274 1518 303 1581 si
313 1522 478 1591 senatum,
494 1516 524 1579 si
538 1514 628 1597 leges
643 1532 710 1578 non
724 1514 937 1581 habiturumi
959 1516 989 1579 si
1004 1518 1067 1581 sub
1082 1522 1216 1603 regibus
1229 1523 1282 1586 fu·

190 1626 301 1683 turnm
314 1618 329 1681 i
343 1617 401 1681 Dii
411 1616 568 1681 meliore!
592 1617 744 1701 inquis.¹²
765 1616 875 1700 Atqui
891 1635 959 1680 non
974 1618 1157 1700 indignitas
1170 1641 1281 1686 rerum
1364 1610 1368 1615 ’

189 1720 379 1803 sponsionis
400 1717 568 1783 vinculum
582 1717 720 1782 levois!
764 1718 894 1802 Siquid
909 1724 973 1798 ast,
992 1720 1126 1802 inquod
1141 1723 1283 1805 obligari

188 1824 334 1907 populus
351 1822 470 1906 possit,
498 1822 534 1885 in
557 1821 670 1884 omnia
694 1827 820 1903 potest.
866 1819 912 1884 Et
923 1827 948 1867 ¹³
968 1839 1008 1885 na
1026 1822 1112 1886 iilud
1136 1824 1282 1907 quidam,

189 1925 279 2008 quod
293 1912 455 2010 quosdam
477 1923 615 1988 forsitan
639 1928 781 1999 moveat,
797 1920 907 1999 refert,
922 1923 1054 2001 consui,
1069 1942 1112 1988 an
1125 1925 1283 2005 dictator,

189 2044 232 2089 an
247 2030 371 2109 praetor
391 2022 622 2107 spoponderit.
666 2022 711 2086 Et
731 2024 796 2088 hoo
817 2024 886 2105 ipsi
901 2023 1002 2088 etiam
1017 2025 1184 2091 Samnites
1192 2028 1284 2111 jodi-

189 2127 491 2209 oaverunt,qnibus
505 2144 571 2187 non
596 2124 661 2188 suit
682 2124 766 2188 satis
780 2124 937 2189 consules
960 2125 1135 2207 spondero,
1153 2127 1212 2191 sed
1235 2129 1284 2194 la-

190 2235 297 2310 gatos,
323 2234 523 2310 quaestoras,
555 2225 709 2289 tribunos
732 2224 876 2288 militnm
901 2225 1065 2308 spondere
1091 2226 1282 2310 codgarunt.

191 2330 269 2394 Neo
291 2348 313 2393 a
331 2348 384 2392 mo
398 2347 484 2391 nuno
503 2328 682 2410 quisquam
709 2328 912 2409 quaesiverit,
933 2327 1014 2409 quid
1029 2329 1079 2392 ita
1093 2329 1286 2413 spoponde-

191 2433 275 2511 rim3
298 2430 421 2495 numid
437 2450 500 2494 neo
514 2428 664 2493 consulis
682 2427 741 2512 jus
760 2436 860 2507 esset,
883 2448 947 2493 nec
963 2428 1030 2493 illis
1044 2430 1209 2511 spondere
1222 2452 1284 2517 pa·
1312 2465 1316 2473 .

190 2552 276 2611 oeni,
302 2550 378 2616 quae
401 2531 467 2595 mai
491 2548 556 2595 nen
579 2534 648 2593 erat
670 2529 890 2607 arbitritum
912 2550 974 2617 pro
997 2531 1105 2608 vobis,
1120 2534 1177 2615 qni
1200 2536 1284 2600 nibil

189 2633 446 2709 mandaueratis,
475 2650 622 2715 possem.
667 2629 762 2697 Nihil
790 2631 832 2696 ad
856 2630 1033 2710 Caudium,
1059 2630 1179 2698 Patres
1203 2654 1283 2701 oon·

190 2736 317 2819 scripti,
332 2734 487 2798 humenis
502 2732 656 2798 consiliis
681 2740 813 2815 gestum
836 2740 919 2799 est·
944 2733 1004 2798 Dii
1025 2734 1230 2799 immortales
1251 2744 1285 2803 et

192 2837 314 2903 rastris
329 2840 364 2899 at
375 2834 519 2899 hostium
533 2834 794 2917 imperatoribus
805 2841 949 2899 mentem
958 2835 1162 2900 ademerunt.
1208 2836 1282 2901 Nec

220 3028 1196 3109 sdtesiruodlicotioexpromimwtomatinuitmtmitotereipmriuae.

648 3170 829 3194 ‘numm

193 3308 338 3373 primentii!
353 3309 381 3359 J.
393 3307 422 3357 F.
436 3306 607 3357 (imon-tt
623 3306 694 3355 ‘Pro
705 3306 784 3370 inquis
795 3304 897 3369 quidam
912 3303 972 3354 libri
982 3303 1061 3367 iuquit
1069 3320 1079 3361 ,·
1098 3310 1170 3353 reete
1186 3301 1283 3355 fortan.

192 3374 256 3425 uox
271 3374 299 3423 ia
314 3374 375 3438 quod
390 3372 492 3433 murae
502 3370 577 3421 multi
597 3372 658 3420 boni
674 3372 739 3420 Mas.
751 3370 777 3419 in
789 3384 833 3432 pm
845 3368 927 3419 Drak.
938 3377 966 3419 et
978 3376 1044 3419 antt·
1052 3368 1111 3417 edd.
1135 3368 1217 3432 Male,
1225 3376 1283 3419 cunr

682 3513 792 3566 NOTAE

227 3638 240 3663 ¹
260 3631 337 3682 Verbo
358 3630 465 3693 legitimo
491 3630 625 3679 dedentium
650 3628 719 3679 arder
757 3628 877 3677 nimium
896 3624 971 3689 taust]
997 3625 1081 3676 Aiiter
1101 3624 1285 3677 iurisconsulti

192 3706 337 3771 nuncupare]
365 3704 442 3769 Apud
463 3711 566 3755 veteres
592 3706 719 3755 Romanos
759 3702 954 3758 ratiocinantur,
972 3703 1041 3765 apud
1059 3715 1122 3765 qnos
1143 3702 1183 3752 rei
1200 3702 1284 3765 turpis

193 3784 257 3833 nihil
273 3796 362 3832 eorum
373 3795 430 3846 qua
442 3779 474 3831 ad
488 3780 532 3843 jus
548 3778 720 3843 pertinerent,
760 3792 835 3843 reque
857 3790 888 3827 aa
912 3778 949 3825 rei
969 3775 1134 3840 impossibilis
1152 3776 1286 3837 stipulatio

192 3858 242 3907 nisi
254 3853 720 3912 oertarerborumformula.tauoon-
760 3854 855 3903 nuliius
875 3860 917 3901 est
937 3852 1067 3901 momenti.
1099 3850 1196 3899 Verum
1215 3862 1287 3912 qut·

194 3934 278 3997 neptis
286 3931 380 3993 verbis,
388 3931 570 3993 peragebatur,
577 3929 720 3995 qnaersrbs
761 3930 820 3979 darn
837 3927 943 3990 indigua
958 3940 1015 3975 essa
1037 3930 1155 3988 manunt,
1170 3936 1227 3987 qua
1246 3930 1286 3974 ta·

191 4010 309 4073 legitime
318 4006 484 4070 dicebantur,
500 4006 567 4071 quod
579 4005 719 4055 seeundum
760 4018 820 4054 ruau
829 4001 958 4064 flagitium
973 4012 1024 4048 nou
1035 3998 1194 4049 coutinenut.
1227 3998 1286 4049 Neo

192 4084 264 4147 legas
297 4088 515 4145 nrrnouparentur.
569 4082 720 4132 Deditionis
760 4070 1288 4141 tulatpsotnnruisisiiomino,quiiibe-

193 4156 329 4208 t'orruuiam
346 4156 425 4206 habes
438 4156 600 4220 superitur.
611 4160 720 4222 capte.
759 4166 815 4203 ram
827 4151 865 4201 rei
885 4165 938 4200 sne
951 4148 1198 4199 administrationem
1208 4149 1287 4200 habe·

194 4233 223 4283 in
234 4231 367 4283 deditione
384 4231 512 4282 Collatia.
760 4236 799 4294 at,
809 4224 1030 4293 eeremandato
1040 4224 1142 4276 initum.

226 4308 313 4357 rNoe
336 4308 470 4370 indiguitus
492 4320 572 4359 rerum
590 4307 722 4371 spumosus
