3150 4942
671 446 743 495 atu.
768 448 822 495 rx.
1193 440 1280 507 1195

221 584 326 631 navales
335 580 422 631 classis
438 582 559 634 ornandas
571 582 771 651 reficiendaeque
782 602 861 639 caasa
875 588 944 639 iden
955 592 1065 655 populus
1071 592 1175 655 jubeat.
1207 593 1278 644 'fibi-

188 702 192 709 .
222 663 304 723 cinea,
316 662 460 724 prohibitis
472 665 595 727 proximis
605 667 753 716 censoribus
765 669 790 717 in
801 668 858 719 ede
869 670 944 720 ,ioris
955 672 1035 735 scaci,
1045 672 1125 721 Tibur
1131 673 1238 734 abeunt,
1248 680 1277 725 et

221 740 282 789 aino
293 740 369 802 sopiti
381 740 500 802 planstris
510 742 617 792 Rotnani
630 754 806 808 reportantur.

187 820 230 867 tl.
248 818 339 895 Cluuia
349 825 376 868 ct
386 820 528 871 Bouianum
541 831 729 885 expugnantur,
748 832 776 875 et
793 826 914 888 Rotnani,
930 829 1045 892 quanti·
1056 829 1144 879 oblata
1154 844 1276 893 pecornrn

187 926 201 941 -.
219 897 309 960 praeda
318 898 344 948 in
354 900 448 949 saltnrn
459 901 590 964 ingentem
604 903 695 967 illecti,
711 905 966 957 rinonutSasrnitss.
996 911 1038 957 SS-
1055 907 1154 958 Ornnea
1166 910 1279 959 Etruriae

221 977 310 1039 populi
321 979 556 1040 proetcrArretinos
565 981 658 1032 belluna
670 992 771 1046 parant,
778 992 808 1033 at
813 984 949 1035 ordiuntur
956 986 990 1035 ab
995 986 1170 1050 oppugnando
1178 988 1278 1039 Satrio.

220 1054 263 1104 ibi
273 1056 308 1107 Q.
316 1056 428 1106 tSasiiins
438 1058 551 1109 Barbula
563 1074 622 1110 cnm
632 1060 664 1110 iis
675 1060 793 1125 confligit
804 1064 912 1126 ancipiti
929 1064 1029 1127 praelio,
1045 1064 1113 1129 qnod
1125 1074 1204 1115 nocta
1214 1067 1276 1117 diri·

220 1134 306 1183 nritnr.
338 1138 380 1184 St.
396 1136 449 1199 Ap.
461 1138 583 1188 ciaadina
594 1154 686 1190 censor
695 1142 764 1190 nulla
782 1142 810 1189 vi
825 1144 947 1205 conpelli
958 1150 1052 1205 potest,
1064 1152 1102 1204 nt,
1113 1144 1276 1196 circumactis

220 1226 302 1263 xrtrr.
313 1214 453 1272 mensibus,
461 1218 582 1281 exemplo
593 1220 623 1267 c.
639 1218 738 1268 Plautii
754 1220 873 1283 college,
889 1221 1042 1281 magistratu
1053 1234 1082 1271 se
1094 1221 1216 1283 abdicst3
1232 1238 1276 1273 ne·

220 1302 325 1357 ratque,
333 1306 360 1341 se
368 1292 534 1357 AEnrillalege
545 1297 637 1357 teneri,
646 1297 977 1361 quiaoptimcjnrecenaor
985 1305 1088 1349 creatos
1096 1300 1138 1349 sit.
1158 1305 1199 1351 u.
1211 1304 1277 1352 Enna

220 1372 291 1434 graui
302 1372 419 1422 oratione
430 1372 549 1437 increpat
559 1374 591 1423 P.
602 1375 767 1438 Sempronius
779 1376 839 1425 trib.
858 1377 893 1438 pi.
913 1383 942 1426 et
960 1377 1053 1439 prendi
1059 1378 1154 1440 jubet:
1171 1379 1219 1429 sed
1230 1380 1277 1431 iri-

220 1449 282 1499 buni
293 1459 346 1499 tres
357 1452 499 1515 appellanti
510 1452 596 1517 Appio
608 1454 703 1503 auxilio
715 1462 783 1515 sunt,
799 1454 872 1520 isque
889 1469 988 1504 samma
1003 1456 1102 1505 inuidia
1112 1458 1226 1507 onrnitstn
1238 1474 1278 1509 er·

220 1528 307 1576 dinurn
318 1529 385 1578 aolus
396 1544 530 1580 censuram
540 1524 617 1594 gerit.
650 1536 689 1580 ³5.
706 1532 811 1583 Etrusci
828 1534 921 1581 iternrn
938 1534 970 1581 ad
987 1535 1102 1582 Sutrium
1114 1535 1251 1586 vincuntur
1262 1553 1279 1587 a

219 1606 342 1657 Romanis
353 1609 419 1659 draca
429 1612 462 1662 Q.
474 1611 553 1661 Fabio
565 1624 618 1662 eos.
628 1617 656 1661 st
667 1612 693 1660 in
704 1612 803 1675 sylvam
815 1612 950 1661 Ciminiam
968 1611 1130 1675 confugiunt,
1141 1628 1199 1678 qaae
1208 1615 1278 1665 iuria

219 1692 260 1735 cst
271 1696 297 1735 et
307 1687 442 1739 ltorrenda.
475 1693 516 1739 ad.
534 1691 599 1739 Enna
611 1690 705 1740 nonsit
717 1690 822 1752 Fabius,
833 1692 985 1754 speculandi
995 1706 1071 1741 unsa
1081 1695 1215 1755 pressisse
1226 1694 1278 1745 isa·

219 1772 260 1813 tre
271 1766 309 1815 M.
320 1767 409 1827 Fabio,
425 1775 454 1817 et
472 1770 594 1832 opulenta
614 1768 724 1819 Etruria
742 1783 805 1818 arra
825 1776 920 1820 vastat.
951 1774 992 1819 Sl.
1014 1770 1084 1820 Hinc
1100 1772 1278 1836 indignatione

219 1845 370 1896 cunctentur
380 1848 491 1897 Etruria
507 1848 675 1912 Umbriaque
686 1848 785 1911 populi.
797 1856 826 1898 et
837 1849 927 1911 ingens
943 1848 975 1896 ad
986 1849 1100 1899 Sutriunr
1118 1852 1190 1901 seuit
1200 1867 1278 1901 exer·

216 1924 294 1973 citus.
326 1926 418 1975 Fabius
429 1941 540 1989 pugnant
553 1928 694 1991 detrectat,
715 1927 760 1977 sed
782 1928 900 1990 proxima
916 1936 1001 1982 nocte,
1016 1930 1093 1991 panio
1103 1936 1165 1979 ante
1180 1930 1278 1993 luceru,

179 2020 184 2027 ·
217 2002 303 2051 hostes
314 2003 440 2053 incastris
458 2006 582 2068 opprimit
601 2013 628 2055 et
645 2011 740 2055 stratos
757 2003 905 2055 obtruncat.
937 2007 1126 2069 Tuscipscsnr
1145 2014 1276 2070 petentes,

177 2120 180 2125 .
217 2079 335 2130 inducias
352 2082 377 2130 in
394 2094 463 2133 xxx.
480 2096 558 2132 annos
569 2085 721 2147 impetrent.
755 2087 798 2133 ⁸8.
815 2084 912 2133 Classis
930 2083 1009 2133 Rom.
1028 2099 1045 2133 a
1062 2084 1097 2134 Ρ.
1116 2084 1238 2133 cornelio
1249 2084 1276 2133 in

218 2160 385 2222 Campaniam
397 2161 490 2225 agitur,
506 2171 536 2213 et
546 2162 606 2210 socii
619 2162 678 2209 inde
689 2161 792 2211 navales
803 2175 893 2224 sgrnnr
904 2162 1063 2211 Nucerinum
1075 2161 1277 2225 depopulantur,

217 2238 264 2288 sed
275 2239 309 2288 ab
320 2240 467 2302 agrestibus
478 2241 668 2305 compelluntur
678 2240 710 2289 ad
723 2253 809 2289 nares.
842 2240 873 2289 c.
883 2240 998 2289 Marcius
1015 2240 1118 2290 Rutilus
1135 2241 1223 2289 conani
1238 2239 1276 2287 di·

213 2318 294 2368 micat
305 2332 363 2367 curn
375 2318 532 2369 Samnitibus
549 2320 641 2384 prelio
662 2318 744 2369 atroci
756 2324 783 2368 et
795 2318 895 2369 incerto
913 2326 1018 2368 crentn.
1052 2319 1128 2368 Alter
1140 2318 1230 2367 consul
1240 2319 1276 2371 0.

215 2396 321 2460 Fabios,
333 2397 402 2447 SCto
414 2399 570 2461 compulsus,
582 2400 736 2449 dictatorern
746 2396 811 2447 dicit
822 2399 853 2446 L.
865 2398 998 2462 Papirium
1009 2397 1158 2459 Cursorem,
1168 2399 1211 2447 eui
1223 2400 1277 2461 pri·

175 2536 178 2543 Ι
217 2475 295 2523 vatim
307 2474 415 2525 infestus
426 2482 491 2527 erat.
525 2476 595 2527 Huic
607 2478 690 2540 legero
703 2476 830 2526 curiatam
841 2476 873 2525 da
887 2477 996 2539 irnperio
1006 2476 1102 2526 fcrenti
1113 2477 1190 2525 triste
1200 2491 1276 2527 ornan

159 2552 161 2557 '
215 2552 417 2611 dienerinnen,
436 2555 504 2619 quod
514 2556 688 2620 prerogativa
699 2556 771 2604 curia
782 2563 823 2603 est
841 2555 947 2615 Faucia,
964 2555 1062 2605 duabus
1077 2556 1183 2619 insignis
1195 2556 1275 2606 cladi·

215 2630 282 2681 bna:
299 2632 344 2681 sed
358 2640 461 2696 postero
472 2634 524 2690 die,
537 2634 655 2698 repetitis
666 2634 797 2697 auspiciis,
814 2634 898 2697 legem
911 2632 1018 2697 perfert.
1052 2638 1093 2683 aa.
1109 2635 1230 2699 Papirios
1240 2636 1273 2684 ad

214 2709 359 2775 Longulam
372 2712 499 2775 pervenit.
532 2714 622 2763 Unsbri
639 2713 793 2777 fundentur,
804 2720 831 2762 et
842 2727 906 2776 opes
917 2714 1093 2769 Etruscorum,
1104 2715 1158 2778 qni,
1170 2716 1228 2775 iege
1237 2728 1277 2763 aa·

216 2802 288 2840 crata
299 2797 391 2840 coacto
402 2792 527 2848 exercitu,
543 2806 602 2842 cunr
614 2793 654 2841 vir
664 2794 746 2841 rirnrn
765 2792 883 2855 legisset,
900 2794 1019 2842 nraxisnis
1038 2794 1122 2855 copiis
1132 2793 1276 2856 animisque

209 2868 347 2933 dimicant,
358 2869 390 2918 ad
402 2870 552 2921 Vadimonis
563 2874 645 2921 lacurn
656 2871 810 2934 frenantur
821 2871 920 2933 ingenti
929 2870 1013 2920 clade.
1045 2875 1088 2921 40.
1104 2872 1166 2923 Duo
1177 2872 1275 2922 Samni·

215 2948 279 2997 tinrn
291 2948 429 3010 exercitos,
439 2950 519 2999 scutis
530 2964 592 2998 auro
605 2959 764 3013 argentoque
782 2948 889 3005 celatis.
907 2950 1016 3013 aliisque
1033 2949 1174 3012 insignibus
1190 2951 1276 3007 aruris,

214 3026 356 3089 fulgentes,
367 3042 382 3075 a
393 3026 500 3091 Papirio
509 3029 583 3078 Dici.
595 3029 742 3077 vincuntur·
765 3026 873 3076 Auratis
882 3041 970 3075 eoruns
983 3029 1063 3076 acutia
1074 3034 1181 3077 ornatur
1191 3028 1274 3077 toran

214 3106 291 3156 Rern.
309 3108 435 3169 Campani
453 3115 540 3157 autern
561 3106 715 3157 Samnitium
734 3111 827 3155 ornatn
846 3106 1004 3168 gladiatores
1022 3111 1131 3156 armant.
1164 3107 1275 3164 Etrusci,

214 3184 247 3233 ad
259 3184 392 3235 Perntiarn
404 3200 419 3234 a
433 3185 514 3236 Fabio
530 3184 672 3250 profligati,
688 3185 787 3234 dedunt
807 3184 856 3234 lroc
873 3184 1006 3247 oppidem,
1025 3190 1052 3233 et
1069 3197 1162 3247 paceio
1174 3192 1275 3247 petunt.

214 3268 255 3313 41.
272 3265 302 3313 Ρ.
315 3264 411 3314 Decius
423 3264 489 3315 bene
500 3279 542 3314 res
553 3266 620 3328 gerit
635 3266 662 3314 in
682 3263 796 3319 Etruria,
816 3270 844 3311 et
858 3262 926 3311 ideas
943 3261 1041 3313 Fabius
1060 3275 1103 3311 ιιι.
1120 3263 1211 3312 consul
1228 3264 1274 3315 ad·

215 3358 301 3393 renna
312 3343 450 3405 Samnites,
461 3344 571 3400 Marsos,
589 3344 718 3403 Pelignus,
737 3348 765 3391 et
776 3342 897 3390 Umbros.
928 3346 969 3391 ⁴8.
987 3339 1011 3390 A
1029 3342 1058 3390 Ι..
1070 3340 1206 3389 Volumnio
1219 3342 1273 3390 rin·

177 3486 181 3493 ι
216 3427 310 3490 ciuntur
319 3422 464 3483 Sallentini,
474 3437 490 3470 a
501 3422 536 3473 Q.
546 3420 627 3471 Fabio
637 3420 715 3470 Proc.
728 3420 857 3469 Samnites
867 3420 899 3467 ad
911 3418 1018 3479 Allifas3
1041 3422 1083 3467 41.
1103 3420 1162 3470 aQ·
1174 3420 1274 3471 Marcio

116 3499 123 3509 “
216 3500 334 3549 ’liernnlo
344 3501 461 3559 Hernici,
474 3514 489 3549 s
503 3500 535 3549 Ρ.
546 3500 667 3549 Cornelio
678 3500 777 3548 Aruina
788 3498 927 3548 Samnites·
957 3498 1101 3547 lierniclltt
1113 3498 1274 3549 deditionem

218 3580 387 3641 accipiuntur,
398 3588 426 3629 et
437 3580 493 3629 aliis
503 3592 591 3629 eorum
604 3577 706 3641 populls
721 3592 774 3626 aura
791 3576 935 3627 redduntur
945 3579 1025 3640 leges,
1042 3583 1071 3626 et
1088 3579 1198 3628 concilia
1213 3592 1273 3628 con·

216 3659 344 3723 nubisque
355 3660 423 3709 inter
440 3658 511 3722 ipsos
530 3656 726 3721 permittuntur,
747 3656 805 3706 allis
820 3657 976 3706 adimuntur.
1008 3658 1135 3707 (lenam
1154 3659 1209 3706 sias
1226 3670 1275 3720 per

216 3752 291 3803 agros
302 3738 406 3801 publica
415 3735 516 3786 faciunt
527 3737 656 3800 impensa,
667 3742 694 3785 et
706 3734 790 3785 ardens
802 3735 897 3785 Salutis
908 3736 1004 3785 locant.
1036 3737 1101 3786 cans
1112 3734 1273 3797 Carthagini·

216 3818 320 3872 ensibus
331 3818 409 3866 tertio
421 3824 562 3867 renouatur
572 3814 665 3865 fredus·
696 3820 737 3865 44.
756 3815 883 3864 Samnites
899 3815 925 3863 in
943 3830 1059 3879 compunt
1070 3815 1204 3864 Stellatem
1217 3814 1272 3875 agri

171 3892 175 3895 ’
218 3896 341 3959 Campani
352 3896 510 3947 incursiones
521 3894 630 3958 faciunt,
649 3904 676 3947 et
696 3895 830 3945 occidione
852 3895 1005 3944 occiduntur
1025 3910 1040 3943 a
1056 3894 1086 3942 L.
1099 3892 1234 3943 Postumio
1245 3899 1273 3963 ct

176 4006 179 4023 .
217 3977 257 4026 lt.
271 3978 397 4026 Minucio.
429 3980 470 4025 44.
486 3976 644 4026 Sannitibus
655 3974 739 4026 fedus
750 3974 899 4038 petentibus
911 3974 1039 4035 redditur,
1050 3972 1179 4035 daturque
1194 3972 1273 4021 etiam

217 4054 385 4119 Marrucinis,
404 4055 508 4111 Marsis,
526 4054 651 4117 Pelignis,
667 4054 812 4107 Frentanis.
844 4052 983 4115 AEquornnr
1002 4062 1058 4100 xsu-
1068 4050 1164 4114 oppida
1175 4063 1273 4113 expug-

218 4140 312 4185 nantur
323 4138 391 4185 intra
402 4148 425 4186 ι..
436 4134 501 4196 dies,
513 4142 541 4184 et
551 4148 644 4184 nornen
655 4148 743 4184 eornm
756 4145 837 4197 prope
849 4130 881 4179 ad
893 4129 1095 4179 internecionem
1107 4129 1218 4179 deletur.

191 4216 233 4265 dd.
249 4214 297 4265 Cn.
307 4214 411 4266 Flauius
422 4213 517 4279 scriba,
527 4212 648 4263 libertino
660 4219 734 4276 patre
746 4220 856 4265 narona
867 4207 962 4258 forensi
973 4206 1088 4259 factione
1097 4215 1201 4273 creatur
1212 4208 1274 4259 srdi-
