3150 4942
297 396 383 463 1206
763 410 798 458 Τ.
820 410 914 460 mvn

297 562 349 620 tes
365 552 540 618 venissent.
586 552 651 618 ‘Se
666 554 757 619 solos
772 555 843 618 siue
855 552 1004 629 vulnere,
1019 554 1091 617 sine
1114 551 1212 630 terro,
1227 554 1302 619 sine
1317 557 1392 621 acie

295 659 424 721 victos:
448 657 591 719 sibinen
608 658 767 739 stringere
779 657 915 720 licuisse
924 656 1067 738 gladios,
1081 675 1147 719 nou
1160 674 1296 720 manum
1312 677 1396 721 cnm

296 758 391 821 hoste
407 756 575 821 conterre:
598 758 663 821 sibi
678 740 902 840 nequicquam
923 775 1026 832 arma,
1046 758 1274 840 nequicquam
1288 759 1394 833 vires,

295 858 520 941 nequicquam
535 858 663 920 animos
678 856 801 921 datos!
843 857 934 921 Hoec
947 856 1161 921 frementibus
1180 856 1260 920 hora
1275 857 1396 921 fatalis

295 958 487 1040 ignominiae
516 958 663 1035 advenit,
691 958 803 1022 omnia
830 956 975 1021 tristiora
1002 956 1210 1039 experiundo
1244 958 1391 1033 tactura,

296 1076 395 1140 quam
411 1076 489 1140 quae
506 1062 731 1138 praeceperant
745 1058 873 1119 animis.
909 1056 989 1121 lam
1003 1059 1143 1139 primunr
1158 1076 1234 1120 cnm
1251 1056 1394 1138 singulis

293 1158 499 1221 vestimentis
515 1157 657 1220 inermes
672 1164 772 1221 extra
786 1156 913 1220 vallum
935 1156 1028 1219 exire
1043 1156 1146 1239 jussi,
1160 1163 1194 1219 et
1209 1158 1308 1238 primi
1322 1160 1395 1219 tra·

296 1256 358 1320 diti
373 1256 511 1321 obsides
533 1262 629 1339 atque
652 1257 687 1319 in
710 1256 898 1321 custodiam
916 1258 1063 1321 abducti.
1105 1258 1192 1321 Tum
1208 1276 1231 1321 a
1244 1258 1393 1322 consuli-

295 1357 359 1420 bus
381 1358 471 1420 abire
491 1356 625 1421 lictores
643 1356 730 1453 jassi
748 1356 1055 1440 paludamentaque
1066 1354 1239 1420 detracta:
1260 1363 1393 1421 tantam

294 1454 377 1521 inter
392 1458 496 1539 ipsos,
514 1458 584 1537 qni,
599 1458 701 1538 panto
717 1462 794 1523 ente
808 1477 867 1521 eos
881 1464 1091 1532 execrantes,
1106 1456 1278 1521 dedendos
1298 1457 1392 1522 lnce-

295 1556 484 1638 r'andosqne
499 1564 705 1635 censuerant,
727 1558 970 1622 miserationem
985 1557 1127 1634 iecit,¹⁰⁸
1147 1564 1193 1635 ut,
1207 1576 1281 1621 snm
1295 1558 1391 1640 quis-

295 1674 361 1737 que
375 1656 578 1720 conditionis
593 1657 729 1735 oblitus,
750 1661 794 1722 ab
815 1658 873 1722 ilta
886 1656 1124 1722 deformatione
1141 1664 1242 1723 tantae
1261 1658 1390 1741 majes-

294 1757 386 1831 tatis,
401 1757 490 1821 retnt
506 1758 548 1821 ab
563 1757 705 1822 nefando
721 1758 931 1842 spectaculo,
946 1764 1109 1822 averteret
1128 1759 1255 1822 ocutos.

334 1855 367 1918 6.
390 1855 495 1920 Primi
524 1858 683 1921 consules
713 1876 819 1941 prope
848 1858 1014 1921 seminudi
1041 1859 1102 1921 sub
1125 1857 1245 1940 jugum
1270 1860 1389 1923 missi:

291 1960 374 2031 tum,
390 1957 586 2038 utquisque
600 1956 704 2039 gradu
720 1958 894 2039 proximos
906 1962 987 2033 erat,
1003 1956 1051 2019 ita
1064 1956 1257 2035 ignominiae
1272 1958 1390 2040 objec-

294 2058 364 2121 tos:
387 2064 456 2120 tum
464 2056 623 2141 deinceps
634 2058 773 2139 singulae
784 2058 944 2139 legiones.
987 2055 1256 2121 Circumstabant
1265 2060 1391 2122 armati

292 2152 417 2231 hostes,
432 2158 669 2239 exprobrantes
690 2157 946 2237 eludentesqne:
969 2154 1075 2236 gladii
1095 2157 1193 2219 etiam
1214 2157 1387 2239 plerisque

291 2254 465 2319 intentati:
489 2262 524 2318 et
538 2256 700 2319 vulnerati
714 2255 853 2337 quidam
873 2255 1063 2336 necatiqne,
1082 2257 1114 2318 si
1137 2256 1250 2319 vultus
1270 2276 1387 2322 eornm

270 2410 272 2415 .
293 2353 490 2435 indignitate
503 2372 612 2418 rernm
626 2355 735 2418 acrior
748 2355 907 2418 victorem
923 2354 1127 2418 offendisset.
1171 2355 1225 2420 Ita
1241 2358 1387 2423 traducti

295 2453 359 2517 sub
370 2453 501 2535 jugum,
513 2460 557 2530 et,
568 2454 659 2535 qood
673 2474 768 2536 paene
783 2456 917 2537 gravius
932 2460 1015 2525 erut,
1030 2474 1090 2537 per
1100 2456 1244 2519 hostium
1255 2460 1386 2524 oculos.

291 2551 381 2614 Cum
396 2572 416 2614 e
431 2553 518 2616 saltu
535 2555 729 2631 evasissent,
743 2556 820 2632 etsi,
835 2555 928 2618 vetut
941 2555 985 2617 ah
1006 2553 1127 2618 Inferis
1146 2560 1302 2635 extracti,
1316 2566 1387 2624 tum

291 2650 436 2733 primum
451 2651 560 2713 lucem
576 2652 727 2733 aspicere
742 2655 910 2731 visisunt,
925 2662 1036 2719 tamen
1052 2656 1129 2736 ipsa
1143 2655 1202 2718 tux
1216 2656 1265 2720 ita
1278 2658 1386 2724 detor-

293 2767 347 2813 me
370 2749 575 2814 intuentibus
600 2770 721 2833 agmen
744 2755 836 2818 omni
859 2763 966 2818 morte
988 2755 1118 2817 tristior
1135 2755 1209 2819 snit.
1253 2757 1385 2840 Itaque,

292 2866 368 2913 cum
395 2855 471 2913 ante
492 2856 624 2913 noctem
651 2850 804 2935 Capuam
826 2853 998 2935 pervenire
1022 2860 1181 2935 possent3
1202 2855 1320 2921 incerti
1341 2858 1385 2923 de

748 3026 929 3048 0000Μο

293 3121 535 3186 Kraserion-ro
550 3126 558 3153 ‘
569 3126 670 3175 Turrturrr
677 3126 740 3176 iuter
750 3126 831 3190 ipseo.
842 3158 849 3174 .
862 3158 887 3175 ..
898 3126 1198 3185 ademtamsesitcet.
1233 3128 1294 3178 Nos
1302 3131 1385 3181 cohe-

293 3193 351 3233 rent
363 3188 418 3235 trac
426 3200 484 3235 cum
495 3188 633 3237 sateccdd.
654 3188 906 3247 Debsbatsecersatr
916 3198 961 3238 unt
971 3198 1031 3238 ante
1038 3195 1131 3239 munus
1141 3192 1224 3239 irruere
1234 3192 1262 3240 id
1271 3196 1311 3242 ret
1318 3198 1386 3255 Μ.

291 3248 344 3299 Sed
361 3246 428 3297 torte
439 3248 532 3300 oottrur
541 3251 580 3299 rut
591 3259 643 3312 est,
653 3251 686 3301 ob
697 3253 764 3301 hooc
777 3251 859 3312 iprum
872 3266 944 3300 urum
956 3253 1097 3316 participii,
1107 3255 1229 3309 notantis,
1246 3257 1315 3317 qaod
1327 3266 1385 3307 snut

289 3310 370 3421 joela,i
378 3312 518 3424 qnqudtsrrnt
528 3314 706 3427 pstrrbdpmp‘ntr}
715 3314 849 3425 ,ἀοῑδηιοὲις
862 3318 934 3426 qamt
944 3316 1039 3428 ‘jugie
1048 3316 1055 3337 v
1064 3324 1096 3428 'ut‘
1103 3318 1212 3429 agitem,
1223 3316 1384 3371 ‘detracrtm

311 3388 354 3485 isti
368 3388 452 3489 tiodiil.
460 3390 585 3515 originis
597 3392 716 3500 silliniaci
733 3386 882 3503 tigereeir'ro
891 3388 1088 3501 ,Ιῦἶυιιιέξιεῗξοιι
1097 3394 1126 3492 :t
1134 3387 1386 3510 &munimini-f

291 3512 341 3547 nee
352 3500 437 3560 modo,
447 3502 508 3564 and
516 3503 708 3555 miserationerrr
720 3502 823 3564 fecerit,
836 3504 882 3552 sed
894 3514 931 3559 et,
942 3505 1004 3566 quid
1015 3504 1122 3563 factum,
1137 3508 1274 3559 narratur?
1294 3510 1383 3561 Base.

291 3561 340 3637 ‘Id
350 3562 446 3637 primns
461 3578 494 3612 ex
505 3566 659 3629 conjecture
670 3566 878 3621 Drakenborchii
885 3567 957 3618 dedit
966 3569 1050 3619 cetsb.
1062 3568 1095 3622 Α.
1106 3568 1141 3621 G.
1151 3570 1273 3622 Ernesti?
1290 3573 1382 3624 Strati.

294 3638 338 3690 qur
350 3640 378 3675 rn
388 3634 539 3677 contextum
547 3644 621 3679 soum
632 3631 740 3696 recepit.

782 3740 888 3792 NOTAE

293 3842 425 3897 parentes,
436 3832 469 3883 ad
486 3834 610 3900 conjuges
629 3843 657 3886 et
671 3834 767 3886 liberos
781 3834 819 3884 t'u·
859 3836 1215 3904 emendationemquttegtt:
1232 3842 1385 3891 emunitas

294 3905 348 3957 cit!
377 3908 470 3974 Neque
483 3924 544 3961 vero
558 3908 633 3961 tacite
649 3912 746 3961 dixeris
757 3912 821 3961 redi·
858 3911 1111 3975 «direlieturcrjassi,
1126 3916 1384 3981 mmmmmdc-

293 3984 508 4045 ttorrirrpurenter.
858 3991 992 4051 tructam.
1007 3989 1308 4051 mmmm.
1333 3994 1382 4042 Υι-

326 4066 337 4091 ¹
348 4058 607 4125 Miserotiorreursscit]
619 4062 677 4111 Nisi
688 4064 820 4127 suppleas,
858 4076 919 4112 cere
930 4074 1015 4114 sotem
1026 4066 1217 4117 miserationem
1226 4078 1277 4125 est,
1288 4068 1383 4119 miseri·

294 4146 347 4196 qrrae
363 4148 412 4196 m,
428 4136 488 4198 quod
503 4138 667 4200 patratu,
683 4148 727 4187 aut
737 4139 820 4189 simite
859 4138 974 4191 cordiam
985 4140 1111 4205 excitare,
1122 4154 1152 4191 sc
1163 4157 1276 4194 morere.

295 4204 366 4272 quid.
387 4209 568 4260 recurrendum
595 4213 646 4261 erit
675 4212 708 4261 ad
736 4213 819 4265 Gran.
