3150 4942
577 442 649 491 nm.
672 442 711 491 x.
734 442 817 493 our.
840 427 893 491 34.
1117 474 1122 487 .
1203 432 1288 498 1361

193 587 318 653 ultibus
342 602 406 649 nou
430 586 544 659 infelix
568 587 711 651 audacia
734 588 849 665 auxit3
872 594 909 651 at
933 604 1000 651 uon
1022 588 1122 653 modo
1143 590 1289 672 prolerre

193 690 269 752 inde
289 694 402 753 eastra
421 685 623 766 Romarm,
639 689 699 754 sed
715 709 756 754 ne
772 690 929 773 pabulari
948 689 1084 773 quidem
1105 710 1166 773 per
1191 709 1290 773 agros

192 809 284 865 suos,
299 789 520 871 patiebantur.
565 788 672 853 Retro
690 791 725 853 in
747 799 904 873 pacatum
920 791 1084 855 Soranum
1099 810 1213 873 agrum
1227 811 1290 875 pa·

192 890 363 955 bulatores
377 892 480 954 ibant.
524 889 795 967 Quarnmrerum
809 891 910 969 sama,
929 892 1166 956 tumultuosior
1175 894 1289 973 etiam,

191 1010 292 1073 quam
307 1010 360 1055 res
373 999 479 1071 erant,
495 991 621 1075 perlata
633 992 791 1068 Romam,
801 991 914 1075 coligit
927 992 967 1057 L.
979 992 1192 1057 Postumium
1206 1012 1289 1057 oon-

192 1094 310 1169 sulem,
325 1092 461 1157 vixdum
478 1094 638 1171 ualidum,
655 1094 824 1178 proficisci
839 1114 884 1158 ex
900 1094 1004 1159 Urbe.
1048 1094 1149 1160 Prius
1163 1102 1288 1172 tamem

190 1214 289 1275 qnam
305 1194 424 1269 exiret,
436 1195 600 1259 militibus
615 1195 724 1259 edieto
740 1195 858 1259 Soram
874 1195 982 1278 jussis
1004 1196 1193 1273 convenire,
1213 1196 1290 1279 ipse

188 1293 294 1358 adem
309 1293 484 1372 Victoriae,
495 1315 597 1378 qnam
612 1296 722 1361 aedilis
737 1298 863 1361 curulis
872 1318 916 1362 ex
926 1298 1134 1363 muletatioia
1144 1297 1289 1381 pecunia

187 1393 373 1459 faciendam
385 1404 566 1473 curaverat,
576 1397 754 1463 dedicavit.
777 1398 832 1461 Ita
843 1399 886 1461 ad
903 1399 1087 1463 exercitum
1101 1400 1287 1481 protentus,

188 1497 231 1559 ab
247 1495 334 1559 Sora
347 1498 382 1559 io
396 1498 567 1563 Samnium
580 1498 622 1563 ad
637 1500 900 1582 eastraeollegae
912 1501 1066 1583 perrexit.
1095 1500 1181 1569 Inde
1192 1505 1288 1583 post-

190 1616 290 1679 quam
306 1598 486 1678 Samnites,
499 1599 599 1665 diffisi
614 1601 746 1666 duobus
760 1602 967 1666 exercitibus
981 1602 1093 1665 resisti
1109 1615 1223 1684 posse,
1236 1620 1289 1665 re·

190 1706 377 1780 cesserunt3
400 1700 526 1766 diversi
540 1704 697 1767 consules
718 1703 762 1766 ad
785 1703 971 1767 vastandos
998 1722 1098 1785 agros
1119 1703 1289 1785 urbesque

190 1800 433 1883 oppugnandas
450 1802 641 1867 discedunt.

230 1900 285 1963 34.
309 1902 504 1967 Postumius
517 1902 724 1967 Milioniamq
735 1909 750 1951 ⁴
763 1922 956 1986 oppugnare
970 1904 1119 1978 adortus,
1132 1905 1167 1968 vi
1180 1904 1288 1986 primo

189 2010 292 2083 atque
303 2003 442 2085 impetu,
453 2003 541 2080 dein,
552 2012 731 2087 postquem
745 2021 786 2068 ea
800 2022 914 2088 parom
930 2006 1173 2087 procedebant,
1182 2022 1288 2087 opere

189 2104 361 2169 saniosis
386 2104 517 2169 demum
543 2105 705 2187 injunctis
732 2124 824 2170 muro
846 2107 949 2189 oepit.
999 2106 1069 2182 Ibi,
1091 2113 1193 2187 capta
1212 2105 1286 2188 jam

189 2208 279 2282 urbe,
295 2208 339 2272 ab
354 2206 437 2271 hora
453 2210 573 2289 quarta
589 2207 754 2290 usquead
770 2214 945 2271 octavam⁵
965 2208 1034 2273 fere
1048 2207 1167 2273 horam
1180 2207 1288 2271 omni·

189 2308 252 2373 bus
268 2309 420 2391 partibus
437 2307 529 2371 urbis
545 2306 604 2371 din
619 2309 748 2372 incerto
761 2315 885 2373 eventu
898 2319 1079 2390 pugnatum
1093 2316 1156 2374 est.
1201 2308 1287 2373 Pos-

187 2415 294 2473 tremo
308 2411 435 2492 potitur
446 2408 575 2491 oppido
591 2408 775 2475 Romanus.
799 2410 998 2475 Samnitium
1007 2410 1089 2473 amsi
1101 2408 1287 2475 triamilliu

188 2510 341 2576 ducenti:
378 2512 469 2593 capti
493 2518 637 2595 quatuor
662 2512 768 2577 millia
794 2511 957 2588 ducenti,⁶
988 2517 1110 2595 praeter
1134 2510 1287 2593 praedam

150 2600 153 2605 ’
187 2612 302 2676 aliam.
345 2611 432 2677 Inde
461 2612 717 2678 Ferentinum7'
748 2612 862 2677 dnotae
883 2614 1054 2696 legiones:
1077 2612 1166 2678 unde
1189 2610 1286 2695 oppi-

187 2710 266 2777 dani
277 2732 351 2778 num
369 2714 523 2779 omnibus
537 2716 637 2781 rebus
652 2715 736 2790 suis,
751 2734 830 2798 quae
854 2713 930 2778 ferri
951 2715 1072 2797 agique
1094 2717 1285 2796 potueruut,

187 2822 286 2877 nocte
300 2834 361 2898 per
375 2834 524 2879 aversam
542 2820 671 2897 portam
685 2815 817 2879 silentio
831 2822 1058 2877 exoesserunt.
1102 2813 1218 2893 Igitur,
1241 2814 1287 2875 si·

186 2914 255 2977 mul
278 2916 416 2981 advenit
435 2917 567 2993 consul,
592 2916 701 2998 primo
725 2918 775 2980 ita
799 2914 1011 2997 compositus
1037 2915 1286 2996 instructusque

186 3016 357 3081 moenibus
386 3017 561 3095 successit,
588 3021 747 3100 tanquam
778 3016 879 3086 idem,
904 3014 997 3097 quod
1026 3014 1070 3078 ad
1096 3013 1284 3077 Milioniam

73 3143 93 3198 χ
186 3116 616 3194 fuorat‚oertaminissoret:
633 3116 763 3195 deinde,
776 3124 815 3181 ut
823 3118 990 3181 silentium
1001 3123 1133 3179 vastum
1145 3114 1284 3191 inurbe,

24 3207 74 3265 ''-·
88 3235 96 3247 ¹
187 3236 248 3281 neo
264 3237 366 3299 arma,
381 3238 443 3284 nec
458 3219 550 3284 viros
573 3218 608 3283 in
632 3217 775 3283 turribus
789 3238 832 3282 ao
846 3219 949 3281 muris
965 3217 1061 3294 vidit,
1084 3214 1220 3281 avidum
1234 3216 1285 3278 in·
1342 3261 1351 3271 .

218 3518 234 3564 4
251 3515 347 3565 Deinde
357 3514 472 3565 Gronov.
484 3514 593 3578 Deujnt.
605 3514 769 3564 creviam-b
787 3514 850 3562 Vet.
862 3513 905 3562 lib.
914 3512 982 3576 apud
992 3512 1082 3574 Sigon.
1092 3512 1123 3561 nd
1131 3512 1190 3561 lem
1199 3516 1285 3575 quarto

186 3580 234 3627 diei
242 3581 273 3627 ed
284 3583 448 3627 setonam-6
459 3577 613 3640 Septingenti
622 3578 850 3643 Kreyssigius.-7
867 3580 930 3627 Mus.
944 3578 1072 3640 Feritrum,
1083 3577 1229 3638 Ferton'um,
1237 3576 1285 3624 Fe-

185 3642 294 3707 setrius,
313 3644 444 3693 feretrum.
471 3642 662 3707 Suspicabatur
676 3643 703 3694 J.
716 3642 871 3693 F·Gronov·
889 3642 1064 3693 treventinum.
1088 3642 1197 3705 Doujat.
1217 3640 1283 3702 conj.

684 3789 791 3839 NOTAE

187 3918 240 3954 ram
252 3900 440 3965 interjacebat:
458 3902 496 3951 sio
506 3901 579 3953 dieta
591 3918 606 3951 a
619 3904 715 3966 prinei·
756 3906 820 3955 Mas.
832 3913 873 3954 est
885 3904 1019 3952 Feretrsn.
1053 3897 1142 3960 Sigon.
1163 3894 1285 3945 mmet

187 3982 246 4043 piis,
258 3994 315 4043 qua·¹
324 3978 438 4041 spatium
448 3978 511 4027 illud
520 3979 635 4028 medium
646 3982 715 4030 stri·
755 3996 813 4030 aaa
823 3982 983 4041 suspicatur,
1001 3972 1070 4037 quod
1082 3978 1124 4021 est
1134 3970 1167 4019 ad
1179 3970 1284 4019 'linium

186 4057 261 4107 bunis
272 4055 304 4104 ad
317 4054 433 4118 legiones
445 4056 706 4117 comprehendebant.
756 4054 783 4103 fl.
804 4054 873 4101 ande
896 4049 1095 4100 'l'rerentinates
1125 4046 1152 4095 lu
1179 4046 1284 4095 Samnio

219 4128 393 4191 tuitionibus]
411 4129 483 4181 Aua
493 4130 629 4181 Mimas.
645 4132 715 4183 vids
756 4129 904 4194 npudPlia.
931 4122 1133 4189 agenoream
1141 4123 1286 4185 Apulorum

187 4209 280 4269 capt.
292 4204 449 4270 bujurlibri.
755 4202 934 4267 oenjieiebam,
952 4202 1027 4251 iisde
1045 4199 1130 4249 musis
1145 4206 1284 4262 quassate

220 4288 230 4314 ¹
254 4281 314 4331 lade
336 4278 502 4343 Ferentium]
528 4282 560 4333 lo
582 4282 715 4349 plerisque
754 4278 878 4333 indionri.
