3150 4942
561 421 635 469 cru.
660 419 727 470 vir.
751 420 833 471 cer.
853 407 908 472 22.
1198 409 1284 478 lter

193 561 431 630 Fuere'nutem
454 560 493 627 G.
509 562 654 640 Duilius,
671 563 712 628 P.
729 563 857 630 Decius
878 565 970 640 Mus,
986 563 1036 628 Μ.
1053 566 1223 650 Papirius,
1239 568 1283 647 Q.

192 663 372 740 Publilius,
393 669 426 728 et
438 662 491 728 Ti.
507 663 685 746 AEmilius3
708 669 766 748 qui
787 687 866 742 rem,
881 666 1109 732 difficillimum
1125 675 1283 748 tractatu,

192 770 226 827 et
247 764 439 846 plerumque
462 766 549 846 perti
572 767 712 851 utrique,
736 787 867 850 semper
886 776 977 833 certe
998 768 1109 844 alteri,
1135 789 1284 850 gravem,

192 881 267 926 oum
290 862 357 928 elie
369 863 608 944 moderatione,
622 873 692 930 tum
707 869 879 950 impendio
892 869 1000 950 magis
1017 866 1167 950 publico,
1182 887 1286 952 quum

188 962 346 1046 jectum:
366 966 609 1031 sustinuerunt.
651 967 763 1034 Tarda
775 969 865 1032 onim
879 965 1075 1044 nominu,²ol
1098 975 1132 1032 et
1144 968 1287 1051 impedi-

193 1064 282 1128 tiora
306 1065 423 1130 inertie
447 1065 644 1142 debitorum,
669 1087 769 1150 quem
791 1068 1014 1144 facultatibus,
1037 1076 1095 1134 aut
1119 1070 1285 1148 eernrium,

194 1166 319 1230 mensis
341 1184 418 1230 oum
441 1186 507 1231 aere
528 1168 563 1230 in
580 1167 654 1230 loro
668 1169 803 1248 positis,
818 1168 983 1243 dissolvit,
999 1174 1036 1232 ut
1049 1171 1177 1251 populu
1191 1174 1287 1252 prins

196 1264 386 1342 curreretur,l
408 1272 466 1330 eut
481 1267 660 1332 aeetimutio
674 1267 780 1349 eequis
793 1285 901 1332 rerum
915 1268 1036 1350 pretiis
1050 1268 1227 1349 liberavit,
1248 1279 1288 1335 nt

195 1389 262 1434 uon
284 1370 386 1434 modo
409 1371 481 1434 sine
500 1369 634 1454 injuria,
651 1369 710 1432 sed
733 1370 832 1435 etium
854 1371 928 1433 sine
947 1371 1165 1452 querimoniis
1180 1373 1288 1452 pertis

197 1471 379 1555 utriusque,
392 1470 559 1535 exhaustu
573 1471 625 1533 vis
639 1470 754 1550 ingens
769 1469 848 1533 aeris
861 1469 959 1534 alieni
973 1471 1029 1533 sit.
1071 1469 1190 1534 Terror
1207 1470 1288 1536 iude

198 1589 305 1634 venus
326 1571 407 1635 belli
431 1570 572 1646 Etrusci,
596 1588 669 1635 cum
694 1570 891 1653 conjurasse
913 1569 1089 1634 duodecim
1112 1571 1289 1653 populos!

196 1670 288 1736 seme
309 1681 411 1749 essct,
425 1672 619 1736 dictatorem
642 1670 711 1734 dici
731 1670 853 1753 coligit
896 1671 1019 1736 Dictus
1040 1671 1076 1734 iu
1097 1672 1219 1735 cestris
1233 1674 1288 1750 (eo

199 1772 286 1836 euim
302 1771 345 1836 ud
360 1771 516 1836 consules
530 1771 669 1834 missum
685 1779 817 1836 senatus
831 1773 1018 1837 consultum
1032 1769 1103 1854 eet)
1115 1772 1291 1850 utullus,

197 1873 253 1936 cui
266 1873 423 1954 magister
437 1873 584 1955 equiturn
600 1871 754 1955 adjectus
769 1873 808 1936 Ia.
820 1874 1004 1938 AEmilius.¹
1041 1871 1197 1936 Ceterum
1208 1872 1291 1937 toris

199 1973 377 2055 tranquilla
392 1975 504 2038 omniu
518 1974 620 2037 luere.

242 2073 295 2136 22.
318 2074 494 2138 Tentatum
512 2072 602 2138 domi
613 2091 676 2154 per
689 2073 893 2151 dictatorem,
904 2082 942 2138 nt
953 2075 1052 2139 ambo
1066 2073 1202 2155 petrieii
1211 2093 1290 2137 con·

200 2173 292 2237 snlos
304 2181 521 2250 crearentur,²
534 2193 602 2238 rem
624 2173 668 2237 ud
690 2174 905 2254 interregnum
920 2174 1101 2256 perducit.¹¹
1143 2173 1224 2240 Duo
1242 2175 1292 2236 iu·

200 2277 343 2354 terreges
358 2274 398 2340 (3.
419 2275 588 2358 Sulpicius
604 2281 640 2338 et
664 2274 713 2337 M.
740 2273 869 2338 Fabius
892 2275 1084 2356 interpositi
1108 2273 1292 2348 obtinuere,

200 2373 288 2456 quod
302 2374 447 2439 dictator
469 2375 590 2440 frustra
612 2374 809 2452 totonderat,
826 2374 958 2460 mitiore
974 2375 1047 2458 jum
1070 2373 1168 2471 plebe
1183 2375 1228 2437 ob
1244 2395 1293 2438 re·

202 2491 282 2538 cens
295 2476 442 2539 meritum
457 2476 559 2540 levati
582 2476 656 2539 teris
678 2475 788 2552 alieni,
802 2481 842 2539 ut
863 2477 961 2540 umbo
983 2475 1115 2557 patricii
1136 2476 1293 2540 consules

234 2677 243 2701 ¹
260 2671 347 2722 Petier
356 2673 457 2736 lenm
470 2689 501 2724 ee
510 2674 595 2724 oerern
604 2672 734 2736 cntieipute
743 2685 815 2734 qm
823 2673 934 2720 dmm
943 2670 1018 2721 exite.

237 2915 269 2961 ²⁰
286 2913 367 2961 ‘Duo
387 2913 452 2962 Mer.
470 2915 535 2965 Pell.
554 2917 632 2964 Turde
649 2917 712 2965 enim
727 2916 865 2964 nominent:
881 2911 949 2975 quod
961 2926 1011 2960 non
1025 2918 1123 2961 temere
1135 2913 1213 2961 eneirn
1224 2911 1296 2961 dern-

206 2976 327 3052 nerei-l.
340 2977 370 3025 F.
381 2977 531 3030 (loeson-l
550 2981 610 3029 Vet.
622 2980 667 3030 lib.
680 2995 722 3043 ep.
734 2979 823 3042 Sigon.
834 2978 949 3039 magister
958 2977 1062 3039 equitem
1073 2976 1096 3023 α’
1105 2975 1210 3035 adiectu
1219 2981 1255 3024 ert
1265 2976 1296 3026 Ia.

205 3041 376 3154 AEaehlltrbe
384 3111 410 3154 et
420 3105 486 3155 ento
499 3107 596 3170 patricii
604 3109 708 3158 cenula
718 3111 854 3156 crematur
865 3104 897 3154 eb
906 3103 1101 3167 interpoletore,
1110 3117 1141 3151 ee
1150 3108 1297 3165 repetente,

697 3233 805 3284 Nom

238 3327 346 3380 *Turde
356 3331 535 3394 cedrum]
561 3332 593 3382 ld
611 3339 731 3395 esuque
772 3328 905 3379 deviner)
1294 3355 1298 3364 -

208 3404 307 3453 terdinr
317 3405 485 3455 solvebantur
493 3421 540 3470 per
548 3409 731 3472 negligentium
806 3411 824 3438 ¹
842 3402 984 3462 carperem
993 3400 1114 3449 duodecin
1124 3399 1232 3463 pepelee]
1248 3401 1300 3450 To·

209 3478 353 3530 debitorum
374 3482 460 3543 potine
487 3497 562 3547 quem
583 3484 617 3533 ob
644 3497 732 3533 eorunr
773 3487 826 3527 tem
846 3477 1061 3538 Etruriamque
1084 3476 1110 3524 iu
1133 3485 1173 3524 tut
1190 3477 1299 3539 populus

209 3562 362 3617 egeetrtern,
383 3564 411 3605 et
435 3557 554 3620 inspecte
580 3559 681 3608 illerum
704 3573 733 3607 re
773 3549 1235 3612 distinctu,ntnrpineobeerretum.

208 3628 329 3678 semilieri
352 3644 402 3679 non
421 3645 491 3695 tegre
510 3640 632 3696 poterent
653 3646 732 3696 expe·
806 3633 819 3660 ¹¹
836 3624 898 3674 Rm
924 3624 956 3672 «ἆ
981 3623 1143 3686 mmmm
1172 3623 1301 3686 Ναυῆ]

208 3704 268 3753 diri.
774 3701 845 3754 Quid
855 3700 903 3762 ite,
912 3714 969 3748 enm
980 3699 1098 3749 oournles
1107 3706 1194 3746 erret
1205 3697 1237 3747 P.
1248 3699 1300 3747 Ve-

246 3779 252 3812 ¹
266 3780 300 3828 Ut
310 3781 394 3844 populo
408 3781 476 3843 priter
490 3780 625 3843 maer]
645 3782 689 3843 Ut,
706 3782 731 3832 ld
774 3779 852 3828 tenne
864 3787 892 3825 et
903 3777 934 3826 C.
945 3776 1068 3830 Meretur,
1079 3788 1127 3836 per
1138 3788 1211 3836 qnos,
1220 3772 1301 3822 diete-

209 3863 259 3916 ert,
269 3869 301 3904 eu
312 3855 372 3918 lege
383 3863 420 3906 nt.
451 3855 573 3907 lurttetue
591 3857 657 3908 benc
669 3859 733 3921 pub·
775 3861 831 3906 tore
843 3851 989 3905 rbdieente,
1000 3850 1091 3898 treberi
1102 3846 1246 3897 contuleris
1257 3861 1302 3896 eo·

204 3931 284 4004 ,tieem
313 3929 495 3980 liberalitatem
517 3932 637 3982 Tiberine
664 3934 732 3996 epnd
775 3931 847 3980 mitte
866 3925 1005 3990 poterent?
1031 3924 1091 3973 Nisi
1105 3923 1161 3984 jem
1181 3924 1302 3972 romulee

209 4006 418 4064 Tacitum,l.v1.
434 4007 581 4069 ‘Disponito
601 4022 648 4069 per
666 4022 735 4057 rnen-
777 4006 931 4066 megirrretu
951 4000 1080 4056 abierunt,
1097 4011 1155 4046 curn
1172 3996 1304 4047 dicteture

205 4096 253 4144 ¹rer
270 4081 364 4129 militen
373 4083 504 4141 sestertio,
519 4079 641 4146 fusteque
652 4092 737 4132 muru·
776 4095 807 4131 ee
824 4078 953 4128 ebdieerit
965 4075 996 4124 C.
1013 4075 1108 4130 Juline,
1126 4075 1194 4139 quod
1211 4077 1304 4126 wwlet

213 4156 272 4205 endi
283 4155 358 4218 copie
369 4155 424 4204 eiue
435 4157 517 4204 urrrrie
530 4171 577 4218 per
589 4157 736 4212 trienninm,
777 4154 882 4205 verbnm
893 4151 1015 4214 perduxit.

213 4231 346 4281 ridebitur
358 4231 453 4295 populo
470 4232 496 4280 in
515 4231 620 4296 duplum
632 4231 737 4295 prediis
