3150 4942
553 428 625 476 urs.
649 428 734 478 rrrr.
757 429 838 477 cna.
859 413 913 478 10.
957 362 962 369 Ι
1184 416 1271 481 1127

175 571 268 637 nitus
283 569 390 637 aciem
405 570 566 654 pervasit.
612 570 908 639 Evidentissirnnm
921 573 956 638 id
975 573 1050 649 suit,
1073 574 1174 656 qnod,
1186 594 1271 659 qua·

174 692 321 755 cumque
335 691 424 755 equo
445 674 602 737 invectus
617 680 682 751 est,
698 673 756 749 ibi,
771 672 861 738 hand
878 693 976 739 secus
990 694 1091 757 qnam
1109 675 1272 756 pestifero

175 774 284 838 sidere
300 774 371 850 icti,
387 774 578 856 pavebant:
601 773 659 837 nbi
684 792 762 837 vero
784 774 907 838 corruit
929 777 1067 839 obrutus
1082 776 1170 853 telis,
1192 776 1271 839 inda

170 875 243 957 jam
260 874 349 937 baud
365 874 466 938 dubie
478 880 701 939 consternatae
717 872 873 938 cohortes
887 874 1080 939 Latinorum
1101 876 1214 956 lugam
1229 895 1270 939 ac

174 977 367 1039 vastitatem
379 975 446 1039 late
460 976 633 1039 lecerunt.r
676 974 783 1037 Simul
798 979 832 1037 et
846 974 1002 1051 Romani,
1017 976 1182 1039 exsolutis
1196 978 1271 1040 reli·

175 1078 271 1158 gioue
286 1078 418 1154 animis,
434 1077 528 1141 velut
543 1086 610 1140 tum
631 1077 773 1159 primurn
796 1077 890 1159 siguo
903 1077 982 1141 dato
997 1079 1116 1154 coorti,
1127 1099 1271 1161 pugnam

175 1179 333 1259 integrum
357 1178 544 1243 ediderunt.
590 1177 680 1241 Nam
707 1185 742 1242 et
774 1180 889 1242 rorarii
922 1180 1159 1261 procurrebant
1183 1182 1271 1246 inter

175 1281 401 1363 antepilanos,
425 1279 688 1362 addiderantque
710 1281 795 1343 vires
810 1279 951 1345 hastatis
977 1300 1018 1344 uc
1043 1283 1270 1366 principibus,

175 1391 208 1447 et
220 1384 337 1460 triarii,
353 1402 440 1465 genu
456 1382 576 1447 dextro
592 1382 705 1459 inuisi,
719 1390 834 1447 nutum
847 1384 998 1447 consulis
1010 1382 1054 1447 ad
1067 1403 1270 1466 consurgen-

176 1484 256 1549 dum
272 1485 505 1566 expectabant.
1158 1542 1164 1547 .

220 1584 273 1647 10.
297 1582 505 1647 Procedente
531 1582 652 1649 deiude
681 1584 874 1661 certamine,
906 1604 984 1650 cum
1014 1586 1090 1650 aliis
1119 1590 1271 1671 partibus

173 1685 354 1752 multitudo
387 1691 562 1767 superaret
594 1685 796 1761 latinorum,
826 1684 974 1750 Manlius
1002 1688 1133 1765 consul,
1153 1690 1272 1753 audito

175 1795 298 1851 eventu
311 1785 461 1867 collegae,
477 1804 566 1862 cnm,
581 1790 619 1849 ut
633 1784 693 1867 jus
709 1785 830 1868 fasque
844 1795 924 1863 erat,
938 1787 1096 1870 lacrymis
1120 1807 1187 1851 nou
1209 1790 1270 1852 mi-

175 1908 241 1953 uus
263 1906 364 1971 quam
386 1885 546 1951 laudibus
566 1885 689 1949 debitis
716 1892 913 1967 paosecutus
933 1891 1001 1949 tam
1025 1888 1270 1953 memorabilem

174 1994 311 2055 mortem
327 1996 436 2066 esset;
457 1987 630 2069 paulisper
648 1985 868 2064 addubitavit,
891 2006 935 2049 au
958 1989 1180 2069 consurgendi
1197 1991 1270 2073 jam

153 2089 281 2153 'triarii
298 2097 430 2171 tempus
446 2096 557 2151 esset:
582 2087 713 2163 deiude,
729 2086 851 2151 melius
868 2094 962 2151 ratus
982 2088 1126 2169 integros
1153 2108 1213 2155 eos
1227 2091 1271 2155 ad

175 2192 325 2255 ultimum
355 2188 534 2253 discrimen
562 2188 696 2260 servari,
732 2206 896 2270 accensos
920 2189 964 2250 ab
987 2188 1173 2252 novissima
1198 2193 1272 2256 acia

176 2300 253 2356 ante
270 2292 365 2372 signa
388 2290 584 2372 procedere¹
602 2288 709 2371 jubet.
756 2286 824 2365 Qui
853 2288 910 2351 ubi
937 2287 1078 2363 subiere,
1102 2291 1272 2373 extemplo

176 2393 302 2465 Latini,
331 2398 489 2472 tanquam
517 2390 606 2453 idem
631 2387 813 2454 adversarii
839 2388 1005 2465 fecissent,
1028 2390 1160 2454 triarios
1189 2410 1272 2455 suos

176 2493 433 2557 excitaverunt:
470 2492 529 2573 qui
553 2490 758 2573 aliquamdiu
786 2508 901 2571 pugna
924 2489 1029 2554 aboci
1059 2509 1133 2554 curn
1157 2500 1193 2555 et
1220 2512 1272 2555 se-

175 2598 245 2657 met
268 2592 334 2675 ipsi
357 2590 566 2672 fatigassent,
593 2598 628 2654 et
649 2588 766 2653 hastas
781 2582 841 2653 arit
856 2589 1113 2673 praefregissent,
1134 2598 1193 2655 aut
1213 2593 1272 2656 he·

176 2696 358 2769 betesseut,
388 2693 572 2777 pellerent,
594 2693 627 2755 vi
657 2699 770 2756 tamen
795 2690 940 2764 hostem,
970 2689 1177 2755 debellatum
1200 2694 1272 2775 jam

175 2796 253 2872 rati,
268 2800 525 2877 perventumque
541 2792 585 2857 ad
600 2800 780 2857 extremam
804 2792 929 2869 aciem3
952 2797 1024 2855 tum
1048 2793 1167 2856 consul
1195 2794 1272 2856 tria-

174 2896 243 2970 riis,
269 2893 482 2974 ‘Consurgite
507 2890 615 2969 uuuc‚'
643 2892 765 2973 iuquit,
794 2892 931 2971 ‘integri
960 2890 1121 2954 adversus
1147 2891 1272 2969 lessus,

176 3014 342 3061 memores
357 2995 476 3079 patriae
493 2996 733 3076 parentumque
757 2997 790 3054 et
805 2990 983 3073 conjugum
1008 3010 1048 3053 ac
1074 2992 1272 3073 liberorum

176 3116 336 3163 memores
357 3093 506 3159 consulis
521 3114 582 3175 pro
606 3098 717 3156 restra
738 3090 877 3155 victoria
900 3097 1004 3152 morte
1022 3090 1273 3155 occumbentis?

177 3198 247 3263 Ubi
263 3197 368 3262 triarii
379 3202 655 3259 consurrexerunt
670 3192 800 3273 integri,
810 3189 1049 3270 refulgentibus
1059 3190 1171 3266 armis,
1184 3210 1273 3255 nova

176 3320 219 3365 ex
235 3296 419 3381 improviso
435 3299 552 3359 exorta
575 3295 679 3369 acies,
701 3291 849 3371 receptis
871 3292 906 3353 iu
929 3289 1102 3353 intervalla
1118 3290 1272 3355 ordinum

177 3398 387 3481 antepilanis,
412 3394 558 3459 clamore
581 3394 715 3459 sublato
738 3390 904 3474 principia
928 3390 1120 3453 Latinorum
1148 3400 1273 3471 pertur-

177 3498 287 3563 bant.d
329 3496 517 3577 Hastisque
545 3512 603 3558 orn
626 3492 816 3567 fodientes,t
844 3492 952 3572 primo
977 3490 1096 3553 robore
1126 3491 1271 3559 virorum

209 3646 1274 3716 “ramumqetpradpmteeprsnimtuehamismprm-

175 3721 274 3781 quenda.

670 3777 780 3827 NOTAE

210 3888 220 3913 ¹
237 3879 333 3940 Fuga
341 3894 369 3926 oc
379 3877 516 3926 nuditatem
527 3878 575 3925 lete
583 3872 705 3935 sumt]
745 3874 928 3939 lepidutiours,
936 3887 999 3936 quas
1005 3865 1195 3933 firgusfeoerit!
1206 3865 1273 3915 Cou-

178 3955 309 4019 Ambigua
328 3952 445 4017 phrasis:
472 3958 561 4016 posset
581 3952 648 3999 enirn
668 3950 706 3998 in·
746 3956 787 3998 tra
800 3940 1275 4008 temaninfugnmooujeetcelrurtss,

178 4030 263 4093 talligi
283 4030 391 4080 Latinos
408 4028 494 4092 fugam
514 4036 541 4077 et
556 4027 706 4077 vastitatem
746 4030 848 4072 rustum
870 4036 902 4070 uc
925 4022 1053 4067 dantum
1074 4029 1169 4079 pugnae
1187 4016 1273 4065 lacurn

178 4106 296 4156 intulisse
314 4106 445 4167 Romanis,
455 4119 501 4154 son
518 4102 588 4166 t'ugn
606 4116 636 4151 ac
649 4114 706 4148 vus·
746 4096 891 4159 rellqnisrs,
902 4094 957 4141 vult
969 4090 1065 4141 birino.

179 4180 265 4228 titulis
277 4193 380 4229 onasum
398 4179 436 4228 sis
453 4176 572 4228 dedisse:
591 4176 647 4225 Cir.
660 4188 706 4238 pro
778 4180 788 4205 ⁸
803 4170 868 4220 Ante
883 4168 954 4230 signu
967 4164 1106 4230 procedes]
1130 4164 1182 4215 Per
1194 4166 1274 4215 inter·

181 4256 232 4305 no.
242 4267 300 4303 rua:
313 4256 400 4306 ‘Quas
412 4254 525 4331 letatum
538 4251 633 4314 cades,
644 4262 708 4314 qous
748 4246 816 4296 ralla
827 4244 970 4309 principum
983 4250 1062 4307 atque
1071 4242 1241 4291 hastatorum.
