3150 4942
593 456 664 505 nrn.
692 456 732 504 x.
755 458 838 506 cnr.
859 442 891 507 9.
1207 444 1294 511 1817

196 604 306 681 etque
321 599 356 662 in
381 603 473 680 parte
498 618 564 663 nna
591 617 754 681 praeceps,
781 600 839 663 nbi
863 618 950 663 nunc
978 597 1122 663 Narnia·
1136 601 1201 665 etta
1226 608 1292 667 est.

197 699 272 763 Nec
288 698 333 775 vi,
354 717 415 763 nec
439 700 740 783 munimento'capi
764 707 909 781 poterat.
954 698 1074 783 Itaque
1095 718 1168 765 cum
1189 703 1291 767 iniec·

196 805 265 861 tam
278 798 410 861 rem'M.
427 796 569 863 Fulvius
585 799 748 877 Petinus,
764 798 806 863 T.
822 798 975 863 Manlius
992 801 1199 883 Torquatus,
1213 804 1293 866 nort

195 898 360 976 consules,
388 903 616 981 acceperunt·
659 898 700 963 In
723 918 797 963 enm
822 918 945 963 aunum
970 917 1045 963 cnm
1072 898 1117 976 Q.
1147 899 1291 964 Fabium

193 998 368 1063 consulem
387 1018 452 1063 non
474 1005 662 1082 potentemc
685 1016 801 1063 omnes
822 997 972 1064 dicerent
990 1001 1161 1077 centuria,
1178 1001 1293 1084 ipsum

193 1105 366 1163 auctorem
386 1099 492 1163 inisse
517 1098 635 1163 Macer
657 1098 810 1161 Licinius
831 1118 873 1163 ac
894 1099 1031 1165 Tubero
1051 1101 1184 1166 trudunt
1197 1101 1292 1165 diffe-

193 1199 286 1263 rendi
316 1200 381 1263 sibi
411 1200 608 1263 consulatus
636 1199 669 1261 in
699 1199 942 1265 bellicosiorem
968 1220 1111 1265 annnrm
1135 1221 1176 1265 eo
1202 1220 1292 1266 anuo

192 1299 309 1382 majori
326 1300 456 1364 sensui
477 1300 525 1363 rei
547 1301 694 1381 publicar
719 1300 802 1376 fore,
817 1302 946 1365 urbano
969 1308 1064 1384 gesto
1084 1302 1290 1385 magistratu.

192 1399 249 1464 Ita
264 1419 325 1463 nec
340 1400 619 1476 dissimulantem,
644 1399 724 1482 quid
746 1400 873 1475 mallet,
893 1420 953 1465 nec
977 1407 1142 1484 petentem
1164 1409 1291 1478 tamen,

193 1500 323 1565 oedilern
348 1500 497 1565 curulem
518 1518 594 1563 cnm
619 1500 659 1563 L.
675 1499 814 1583 Papirio
834 1500 977 1566 Cursore
999 1502 1138 1566 factum.
1182 1502 1224 1566 ld
1248 1520 1291 1565 ne

192 1620 254 1684 pro
268 1606 358 1666 certo
371 1620 538 1683 ponerem,
556 1599 719 1665 vetustior
734 1600 904 1669 annalium
920 1608 1038 1666 auctor
1058 1601 1142 1666 Piso
1158 1602 1290 1680 ellectu

193 1702 251 1785 qui
275 1721 318 1765 eo
341 1720 427 1765 anno
448 1702 564 1765 aediles
584 1700 717 1764 curules
731 1699 838 1764 fuisse
852 1701 954 1765 tradit
967 1699 1008 1765 G.
1023 1702 1210 1767 Domitium
1226 1700 1289 1764 Cn.

193 1802 250 1865 Fu
271 1802 444 1868 Calvinum
460 1808 496 1865 et
507 1800 567 1883 Sp.
582 1798 764 1864 Carvilium
780 1800 827 1878 Q.
844 1800 884 1866 F.
896 1801 1096 1867 Maximum.
1134 1802 1176 1867 Id
1187 1802 1290 1867 oredo

192 1899 395 1984 cognomend
422 1918 563 1965 errorem
589 1900 622 1962 in
649 1898 804 1963 edilibus
826 1900 970 1981 iecisse3
992 1908 1213 1985 secutamque
1238 1902 1291 1966 ia·

191 2002 306 2066 bulum
321 2002 459 2065 mixtam
473 2018 518 2063 ex
538 1998 695 2063 aediliciis
717 2005 751 2062 et
773 2000 1007 2066 consularibus
1029 2003 1187 2077 comitiis,
1211 2020 1291 2065 con·

191 2104 378 2167 venientem
407 2102 517 2165 errori.
561 2100 607 2165 Et
635 2100 774 2163 lustrum
802 2120 844 2164 eo
871 2120 960 2165 anno
990 2100 1162 2166 conditum
1194 2120 1216 2165 a
1246 2101 1289 2167 P.

192 2202 389 2286 Sempronio
403 2202 517 2285 Sopho
539 2210 573 2265 et
588 2201 630 2264 P.
645 2199 798 2282 Sulpicio
821 2200 1043 2266 Saverrione⁵
1068 2201 1287 2266 censoribus:

191 2304 366 2388 tribusque
381 2302 507 2368 additae
523 2303 611 2381 duee,
629 2300 811 2366 Aniensis*
825 2320 867 2367 ac
877 2300 1079 2367 Terentina!
1112 2302 1201 2367 Haec
1221 2302 1289 2367 Ro·

191 2424 256 2471 mee
270 2412 373 2489 gesta.
724 2404 732 2439 t
800 2438 810 2458 .

650 2495 831 2521 emommo

192 2620 355 2670 (leonum-t
372 2619 421 2668 ‘C.
433 2618 565 2668 Durnium
576 2618 622 2665 Cer.
637 2616 665 2665 F.
678 2618 738 2667 Non
751 2616 828 2666 facile
838 2616 953 2679 reperiet
964 2617 990 2664 tn
999 2613 1122 2665 Domitiis
1130 2614 1180 2665 boc
1188 2628 1289 2677 pruno*

191 2698 260 2733 men.
294 2684 391 2733 Natum
404 2690 544 2731 eeturttern
557 2680 726 2742 Magontiaci.
761 2681 878 2731 Andreas
894 2690 922 2729 et
940 2680 1023 2728 reteri
1039 2692 1121 2742 neque
1139 2679 1171 2726 ed
1189 2678 1289 2729 Arcen·

192 2749 265 2803 rium,
288 2748 327 2795 cl.
337 2747 479 2801 Dmitiarrr,
501 2754 569 2794 utet
582 2745 757 2795 Florentium.
781 2746 855 2794 Rott.
869 2746 898 2793 G.
909 2744 941 2792 1..
953 2743 1094 2792 mun.
1127 2741 1204 2790 Voer'.
1216 2743 1247 2791 1..
1258 2744 1288 2791 c.

192 2810 334 2861 Domitium.
367 2812 438 2884 Ergo
457 2810 498 2858 rel
517 2811 564 2857 Ga.
583 2810 624 2857 rel
642 2810 673 2857 1..
691 2808 864 2859 scribendum.
892 2809 939 2857 Ge.
953 2807 1052 2868 rnerult
1064 2806 1182 2867 Pighius,
1192 2816 1219 2853 et
1231 2820 1289 2854 eece

192 2874 271 2925 filium
282 2874 330 2923 Cu.
342 2872 448 2923 Domitii
461 2872 562 2922 Caluini
573 2886 631 2919 cum
643 2873 674 2919 Α.
686 2872 808 2921 Cornelio
827 2871 908 2921 coreo
924 2884 966 2920 en.
982 2868 1017 2920 U.
1034 2870 1065 2918 C.
1082 2866 1140 2918 Μ.
1159 2864 1289 2918 consulis!

539 2927 544 2935 ι

192 2938 219 2989 J.
232 2940 262 2989 F.
275 2940 429 2987 Gratum-ti
446 2936 525 3000 Vulg.
537 2934 678 2984 decurione.

683 3061 793 3112 NOTAE

192 3162 395 3229 praeterfluente,
418 3176 464 3210 eeu
490 3158 591 3209 radices
613 3159 717 3220 montis,
757 3152 1288 3222 iotpoeuieee,iteoterediderintaedilite-

192 3234 717 3304 cutimpositumbocoppidum‚elluente.
758 3239 811 3281 tern
823 3231 891 3281 lutra
905 3231 972 3280 tenti
990 3229 1037 3277 riri
1050 3229 1097 3293 (Q.
1115 3222 1199 3291 recu)
1216 3226 1289 3277 fatti·

190 3316 274 3367 Situm
292 3316 360 3369 iuter
376 3313 523 3364 otriculum
542 3316 570 3358 et
590 3308 717 3357 Interem-
758 3306 828 3369 giunr
849 3305 938 3367 iniere,
966 3302 1179 3365 conjecerlutque
1200 3302 1233 3350 de
1256 3315 1288 3350 eo

190 3408 258 3443 nem.
292 3390 379 3441 Hodie
392 3389 482 3449 Nomi,
500 3388 526 3436 in
538 3384 718 3448 Dueetuspo·
758 3381 865 3429 console
886 3380 971 3443 potius
991 3376 1103 3425 creando
1128 3377 1154 3428 in
1174 3376 1287 3425 eomitiie

191 3468 280 3517 letnno
289 3474 317 3514 et
329 3464 458 3528 pontificia
470 3462 579 3511 ditione.
759 3463 858 3505 actum.
1013 3502 1016 3506 ,

224 3540 239 3570 ·
257 3540 447 3589 A.1J.c.ere.
546 3550 552 3565 ·
788 3529 941 3593 οΔιιίιιιοὶε]
958 3525 1054 3576 Tribus
1073 3525 1196 3575 Aniensis
1214 3526 1287 3577 dicte

223 3624 234 3649 e
252 3616 285 3670 Q.
297 3614 399 3664 Fabium
408 3612 522 3663 coerulum
532 3626 580 3659 noa
590 3608 720 3672 petentem]
757 3604 874 3655 creditne
886 3605 919 3654 ab
931 3604 1033 3652 Aniene
1045 3614 1129 3664 amne,
1137 3616 1188 3665 qno
1198 3602 1287 3652 Sebini

193 3690 351 3757 Erretuetis
362 3686 720 3751 codicibue,quibebentcon·
760 3696 773 3731 a
785 3681 884 3730 Latinis
897 3680 1061 3729 dirimuntur.
1096 3679 1156 3727 Fuit
1174 3680 1230 3727 lraec
1241 3678 1287 3727 tri·

191 3768 264 3816 eutem
274 3770 430 3829 appetentem,
441 3764 482 3811 rel
493 3766 649 3826 appetentem,
667 3775 720 3810 eur·
759 3758 857 3819 gerim
869 3755 982 3806 secunda
993 3753 1085 3803 tribue.

194 3844 298 3907 pientur
309 3841 391 3891 Grec.
401 3840 526 3890 oduntem.
551 3838 593 3887 lte
604 3844 633 3887 nt
646 3837 719 3886 intel·
792 3829 803 3864 ¹
818 3828 960 3891 Terentino]
976 3828 1043 3878 Huc
1054 3826 1137 3874 tribue
1147 3830 1189 3874 ⁸2.
1209 3825 1289 3874 none

192 3919 289 3983 ligetur
304 3917 337 3966 de
355 3915 482 3977 absentia,
498 3928 548 3964 non
566 3912 668 3977 quidem
686 3911 719 3961 ab
758 3908 883 3969 Tarento,
902 3902 1155 3955 lacedemoniorum
1178 3901 1288 3962 colonie,

194 3994 276 4057 Urbe,
286 3990 331 4042 red
343 4005 358 4040 a
369 3992 469 4054 Campo
482 3988 588 4051 Mertlo,
606 3988 632 4036 in
644 4000 727 4055 quem·
760 3982 810 4031 rite
821 3982 847 4031 in
865 3980 1056 4029 Salentinorum
1077 3977 1191 4039 regione,
1208 3982 1288 4039 atque

194 4069 283 4117 ventre
304 4066 419 4131 potuerit
436 4063 616 4113 dissuadendi·
630 4068 719 4111 centn·
760 4053 1015 4118 extremeltalie‚ed
1027 4052 1109 4102 einum
1118 4051 1158 4100 snt
1168 4051 1287 4106 nominis,

195 4142 250 4203 riis,
260 4142 304 4192 nbi
317 4140 417 4190 audivit
426 4140 559 4190 eoneuletu
571 4152 598 4186 re
609 4135 670 4185 dici.
760 4134 807 4184 ted
819 4148 835 4180 a
845 4133 959 4182 Torento
970 4130 1042 4179 dicte
1052 4134 1169 4191 putatur,
1188 4126 1232 4191 qul
1251 4128 1287 4175 le·

226 4214 236 4249 ‘¹
255 4218 284 4265 ld
295 4218 362 4265 credo
373 4216 511 4278 conamen]
537 4211 645 4261 Maximi
661 4222 719 4275 cog·
760 4224 805 4258 cus
816 4210 841 4257 lu
853 4209 910 4271 ipro
929 4206 1028 4269 Cempo
1046 4204 1144 4254 Martio
1158 4209 1225 4260 eret,
1243 4202 1288 4250 obi

194 4307 287 4342 nomen
310 4292 364 4341 uult
385 4289 569 4355 posterioribus
593 4285 720 4336 historicir
761 4298 807 4335 are
823 4283 993 4335 subterranea
1009 4280 1065 4331 Diti
1084 4294 1166 4329 uera.
1198 4277 1238 4327 De
1255 4290 1290 4325 eo
