3150 4942
577 450 649 495 crs.
672 448 710 497 x.
734 450 818 497 uss.
840 434 893 497 23.
1198 438 1284 504 1341

187 594 234 657 nil
247 593 403 657 concordi
426 592 599 674 collegiom
623 594 747 658 firmius
771 594 815 657 ad
837 593 1094 676 rempublicam
1122 598 1283 663 tuendam

187 713 271 758 esse.
316 694 419 758 Novo
441 696 574 777 imperii
588 698 681 761 socio
696 696 755 761 vix
765 697 838 779 jam
852 714 1046 761 assuescere
1060 698 1195 764 senilem
1210 703 1283 765 aui·

186 814 276 863 mern
291 816 410 879 posse:
423 817 497 861 cum
510 799 658 862 moribus
670 800 756 863 uotis
768 798 948 863 luciliusse
959 800 1283 865 communicaturum

187 898 348 962 consilia!
392 899 601 982 Subscripsit
613 900 758 963 orationi
774 897 991 982 ejuscescat
1006 918 1081 963 com
1093 901 1221 965 meritis
1239 902 1281 967 Ρ.

185 998 289 1065 Decii
304 1002 473 1078 laudibus,
489 1008 569 1078 tum,
593 1007 692 1085 ‘quea
710 1022 755 1067 ox
780 1000 965 1066 concordia
984 1003 1162 1067 consulum
1182 1004 1283 1081 boue,

186 1122 329 1185 quaeque
344 1122 387 1166 ax
402 1103 573 1169 discordia
584 1104 676 1167 mnia
690 1106 724 1167 iu
738 1103 1024 1168 administratione
1035 1123 1142 1167 serum
1157 1106 1280 1171 milita-

184 1205 267 1267 rium
283 1202 470 1281 evenirent,'
492 1204 719 1280 memorando,
742 1208 863 1287 ‘qnam
885 1223 992 1287 prope
1007 1205 1197 1269 ultimum¹⁵
1212 1205 1281 1271 dis·

183 1306 306 1369 crimen
323 1306 441 1369 suiset
464 1306 602 1386 collegae
626 1306 862 1371 certaminibus
885 1324 994 1389 nuper
1015 1314 1146 1373 ventum
1163 1308 1280 1373 loretr'

183 1406 392 1471 admonendo
409 1407 552 1470 Decium
569 1406 791 1490 Fabiumque,
805 1413 862 1471 ‘ut
876 1426 943 1471 uuo
958 1409 1081 1485 animo,
1093 1426 1159 1473 unn
1171 1417 1280 1475 mente

183 1508 343 1571 viverent.
387 1508 474 1572 Esse
490 1516 655 1592 praeterea
671 1511 762 1573 viros
778 1506 913 1573 natos¹⁶
927 1509 1067 1585 militia,
1078 1511 1179 1574 iactis
1190 1530 1282 1592 mag-

182 1628 256 1687 uos,
271 1609 313 1673 ad
328 1610 504 1678 verborum
517 1611 709 1693 lioguaeque
736 1609 919 1675 certamina
942 1608 1063 1673 rudes:
1087 1630 1129 1673 ea
1143 1611 1281 1692 ingenia

182 1712 372 1779 consularia
387 1731 471 1775 esse.
518 1712 671 1777 Callidus
686 1713 902 1793 solertesque,
912 1709 1000 1792 juris
1010 1717 1112 1793 atque
1124 1712 1283 1796 eloquan-

182 1814 239 1879 tiae
255 1814 441 1888 consultos,
456 1813 569 1895 qualis
584 1812 652 1896 Ap.
663 1812 829 1877 Claudius
843 1818 943 1889 esset,
955 1810 1041 1875 Urbi
1050 1832 1093 1877 ac
1107 1813 1181 1878 iure
1193 1834 1278 1897 prse-

182 1914 272 1978 sldes
294 1913 475 1988 habendos,
502 1920 726 1997 praetoresque
755 1912 801 1980 ad
822 1911 993 1976 reddenda
1012 1912 1091 1995 jura
1113 1916 1280 1977 creandos

181 2014 278 2079 csse?
322 2014 389 2079 His
405 2015 541 2097 agendis
551 2016 624 2079 dies
640 2022 694 2079 est
709 2018 910 2106 consumtus.
955 2012 1124 2077 Postridie
1135 2014 1180 2077 ad
1193 2034 1280 2096 praa·

183 2119 345 2201 scriptum
357 2118 505 2181 consulis
521 2125 556 2180 et
570 2116 763 2180 consularia
777 2122 812 2178 et
826 2114 989 2197 pretoria
1000 2116 1137 2178 comitia
1151 2115 1277 2179 bubus.

181 2219 349 2284 Consules
373 2218 474 2282 creati
501 2216 545 2296 Q.
571 2216 695 2281 Fabius
715 2223 751 2279 et
777 2215 819 2280 Ρ.
838 2215 983 2279 Decius:
1016 2214 1087 2297 Ap.
1113 2215 1279 2282 Claudius

178 2328 317 2405 praetor3
342 2336 456 2384 omues
485 2319 663 2382 absentes.¹¹
726 2316 771 2380 Et
797 2316 837 2378 Ιι.
865 2314 1047 2379 Volumnio
1071 2336 1116 2380 ex
1137 2321 1277 2385 senatus

180 2422 358 2489 consulto⁰
379 2426 411 2485 et
426 2420 513 2485 scito
529 2419 639 2503 plebis
662 2426 876 2501 prorogatum
899 2417 934 2479 iu
954 2436 1077 2483 annuus
1100 2417 1276 2502 imperium

179 2527 240 2585 est.

221 2624 276 2687 23.
299 2624 350 2687 Eo
366 2643 454 2688 anuo
479 2623 634 2707 prodigia
656 2622 762 2685 multa
783 2622 936 2686 inerunt:
959 2638 1099 2702 quorum
1120 2639 1276 2684 avoncu-

179 2726 359 2791 candorum
371 2746 478 2791 causa
493 2724 755 2808 supplicationes
766 2724 801 2786 in
811 2722 949 2785 biduum
962 2727 1100 2785 scamus
1116 2721 1276 2785 decrevit.

179 2825 321 2891 Publice
351 2828 464 2897 vinum
495 2846 536 2890 ac
558 2825 635 2889 thus
643 2832 668 2875 ¹⁷
692 2825 896 2906 praebitum?
951 2814 1185 2903 Supplicatum
1210 2822 1278 2885 iere

178 2927 364 3012 frequentes
381 2930 442 2993 viri
456 2926 677 3007 foeminecque.
720 2922 889 3003 Insignem
905 2921 1185 3003 supplicationem
1195 2921 1277 2989 fecit

179 3036 343 3095 certamen
357 3032 392 3094 in
408 3028 535 3093 sacello
552 3025 733 3090 Pudicitiae
748 3022 915 3105 patriciae,
930 3040 1007 3104 quaa
1021 3022 1055 3085 in
1070 3023 1143 3086 foro
1158 3024 1275 3086 boario

629 3183 812 3225 gamunu

180 3310 420 3375 Kreyssigins.-lt
437 3310 498 3358 Vct.
514 3308 558 3357 tib.
577 3305 647 3369 sprrd
666 3306 753 3369 Sigon.
772 3302 846 3353 Hm
866 3301 982 3351 mensu
1000 3304 1122 3349 sse-rs
1140 3297 1184 3349 ΑΙ.
1206 3316 1275 3364 qums

178 3390 251 3439 prope
261 3377 293 3425 ud
303 3375 485 3423 sitium-lb
501 3374 543 3421 ΑΙ.
552 3384 651 3433 gnarus.
1093 3427 1100 3439 ο
1138 3428 1143 3438 ¹

211 3444 241 3488 11
257 3438 346 3488 ‘Add
357 3437 482 3501 sacrificiis
500 3437 588 3499 Sigon.
604 3436 721 3485 Gronov.
739 3430 855 3481 Crevier.
875 3428 917 3478 all.
933 3428 1158 3490 interpretationis
1177 3427 1274 3477 eausa!

672 3588 780 3641 Nom

208 3702 227 3727 ”¹
245 3693 361 3743 Currendi
372 3690 483 3753 collegio]
501 3690 643 3754 Collegium
663 3688 704 3737 lrlc
745 3696 773 3737 et
784 3683 920 3749 plebiscita
933 3681 1080 3745 precedere
1091 3683 1161 3731 lrtsee
1172 3689 1273 3744 tempu.

175 3780 216 3823 est
228 3771 338 3819 societas
355 3767 553 3831 iuterejusdem
571 3765 705 3829 magistra·
745 3757 1006 3815 sibussotsbstised
1017 3758 1073 3809 bus
1084 3770 1155 3818 sssps
1166 3755 1274 3807 conssu-

177 3856 219 3897 tss
231 3846 352 3907 collegas.
744 3840 849 3891 duntur.

208 3918 462 3980 nomannorum]
494 3919 555 3971 eivs
575 3918 607 3969 sb
629 3918 702 3973 orbe.
777 3911 906 3965 vPsttire
923 3906 1106 3963 mnuwiw
1125 3905 1272 3971 [mim]

175 4000 332 4049 slsessltern
352 3994 510 4054 scomitlis;
537 4008 594 4043 narn
607 3992 702 4045 Fabius
742 3984 880 4051 naeuus]
899 3982 995 4047 scripti
1014 3983 1134 4044 ignorent
1151 3980 1181 4029 rt
1198 3984 1272 4031 sueri.

175 4084 203 4125 et
214 4075 311 4126 Decius
321 4074 346 4123 ln
359 4072 520 4135 Urbsersnt,
529 4070 629 4135 Appius
640 4082 702 4121 seru
735 4064 816 4130 ficiis,
830 4075 847 4113 a
861 4061 967 4123 Sinonia
984 4057 1123 4109 immissum
1140 4058 1208 4107 baud
1227 4073 1271 4108 ue-

175 4151 201 4199 in
212 4150 325 4199 Etruria.
743 4138 873 4192 esssssio3
890 4138 952 4187 sstis
964 4133 1033 4185 enirn
1044 4138 1156 4196 apparet
1170 4133 1226 4186 ban
1236 4135 1270 4185 sd

206 4233 219 4259 ⁰
237 4226 382 4277 Essssstss
393 4218 509 4283 numus]
534 4220 577 4271 An
593 4232 644 4269 nou
656 4232 711 4293 prr·-
743 4228 817 4267 sacra
827 4221 856 4263 st
866 4208 1066 4276 supplicationes
1076 4208 1217 4272 pertinere.

176 4302 227 4353 tius
247 4308 352 4351 senatus
369 4298 534 4358 auctoritste,
553 4309 611 4363 quse
630 4295 702 4356 lento
744 4289 755 4301 ’
