3150 4942
291 377 356 474 988
764 389 798 440 r.
824 387 919 439 nrvrr

288 543 472 622 portarurn.
516 533 558 596 Et
578 525 652 598 cum
669 553 795 615 anceps
808 533 915 598 hostis
931 537 965 596 ct
978 551 1000 596 a
1013 526 1118 598 trente
1132 540 1168 598 et
1185 554 1207 598 a
1222 541 1316 618 tergo
1329 527 1386 599 nr·

291 637 411 719 geret?
434 654 496 699 nee
512 635 554 699 ad
576 653 722 717 pugnarn
747 635 819 698 ulta
845 635 908 710 ris,
932 631 1005 697 uee'
1022 633 1064 696 ad
1080 633 1194 715 fugam
1207 637 1273 699 loci
1289 637 1388 718 quic·

285 729 388 820 ‘quant
405 740 615 818 superesset3
639 735 672 797 in
687 733 800 798 medio
815 734 897 798 caesi
917 733 960 797 ad
982 752 1085 798 unum
1104 753 1229 799 ornnes.
1272 735 1388 800 Recu-

288 838 463 920 peratcab
474 835 630 901 hostibus
642 834 807 914 Tusculo,
822 835 991 899 exercitus
1018 833 1163 899 Romam
1186 842 1241 900 est
1267 831 1387 902 red'uc·

289 947 356 1003 tus.
1370 949 1384 964 ”

331 1041 386 1104 ut.
408 1035 545 1115 Quanto
569 1038 697 1118 magist
723 1038 893 1120 prosperis
914 1057 956 1102 ec
978 1056 1068 1101 anno
1092 1035 1186 1100 bellis
1209 1041 1388 1121 tranquilia

290 1141 401 1204 omnia
414 1139 494 1203 soris
509 1145 609 1214 erant,
626 1139 768 1203 tantuin
784 1138 877 1202 Urbe
893 1139 947 1203 ris
962 1139 1103 1203 Petrum
1117 1139 1150 1200 iu
1165 1138 1238 1202 dies
1258 1141 1387 1204 miseri-

290 1241 389 1324 aeque
405 1240 513 1323 plebis
528 1240 747 1317 crescebant;
773 1258 849 1302 eum
871 1259 912 1302 eo
935 1241 1024 1322 ipso,
1043 1239 1135 1322 quod
1157 1257 1295 1304 necesse
1315 1239 1388 1307 era‘t

289 1339 402 1418 solvi,¹²
431 1340 574 1404 facultas
601 1340 750 1404 solvendi
780 1340 1002 1423 impediretur.
1058 1337 1189 1424 ltaque,
1217 1362 1294 1407 curn
1315 1339 1388 1425 jain

289 1461 333 1506 ex
357 1461 393 1504 re
413 1441 495 1504 nihil
514 1440 584 1504 duri
607 1425 746 1522 posset:
768 1441 859 1505 tama
879 1449 913 1506 ct
934 1460 1086 1524 corpore,
1101 1439 1264 1525 judicatii
1285 1449 1388 1526 atque

289 1541 423 1616 addicti,
452 1541 673 1606 creditoribus
699 1543 784 1606 satis
814 1541 993 1616 faciebant,
1020 1561 1190 1626 poenaque
1216 1544 1250 1606 in
1277 1544 1389 1608 vicem

272 1633 366 1706 judei
389 1642 569 1707 cesserat!
609 1642 708 1707 Adeo
728 1662 805 1725 ergo
823 1644 990 1708 obnoxios
1010 1645 1242 1707 summiserant
1256 1647 1389 1709 animos

288 1761 354 1808 non
374 1739 476 1808 intimi
500 1744 620 1820 sulum,
635 1744 695 1808 sed
711 1746 881 1828 principes
896 1747 997 1810 etiarn
1013 1745 1133 1827 plebis,
1148 1751 1187 1808 ut
1203 1747 1387 1810 non‘mcdo

287 1846 332 1912 ad
349 1847 550 1910 tribunatum
566 1847 707 1910 militurn
724 1847 809 1909 inter
821 1845 979 1928 patricios
991 1845 1183 1927 petendum,
1193 1846 1284 1929 quod
1295 1846 1388 1912 tauta

287 1947 333 2023 vi,
350 1955 388 2011 ut
402 1945 527 2017 liceret,
541 1946 762 2020 tetenderant,
777 1947 835 2009 sed
851 1965 891 2009 ne
906 1946 949 2009 ad
966 1946 1120 2027 plebeios
1134 1947 1267 2029 quidem
1282 1951 1388 2030 magi·

287 2054 411 2112 stratus
434 2047 660 2129 capessendos
682 2046 909 2130 petendosque
931 2046 992 2110 ulli
1016 2047 1087 2110 viro
1102 2045 1172 2111 acri
1187 2048 1388 2129 experienti-

289 2168 356 2230 que
368 2150 499 2212 animus
512 2156 617 2226 esset;
638 2149 952 2231 possessionemque
961 2147 1110 2225 honoris,
1121 2149 1274 2231 usurpati
1284 2149 1387 2213 ruodo

288 2269 310 2312 a
330 2251 507 2332 plebeper
528 2267 659 2331 paucus
681 2267 799 2327 annos,
814 2267 1030 2332 recuperasse
1050 2249 1084 2310 iu
1107 2254 1300 2330 perpetuum
1319 2249 1388 2314 Pa·

287 2345 354 2414 tres
368 2349 563 2412 viderentur.
579 2345 581 2352 ’
601 2349 656 2412 Ne
672 2349 707 2413 id
722 2351 822 2413 nimis
836 2350 949 2414 laetum
962 2349 1047 2429 parti
1062 2348 1158 2412 alteri
1169 2355 1269 2425 esset,
1280 2353 1388 2430 parra

288 2454 341 2526 (ut
362 2446 558 2531 plerumque
581 2448 682 2526 solet)
699 2467 764 2512 rem
790 2450 956 2530 ingentem
978 2446 1141 2510 moliundi
1162 2467 1264 2510 causa
1280 2451 1387 2512 inter-

289 2549 391 2612 venit.
445 2547 495 2612 M.
520 2547 617 2612 Fabii
644 2545 829 2624 Ambusti,k
851 2549 996 2632 potentis
1023 2547 1098 2624 viri,
1122 2566 1198 2612 cum
1222 2549 1307 2612 inter
1330 2550 1386 2613 sni

321 2754 334 2788 ⁶
352 2757 442 2806 Horrea
452 2773 483 2808 ee
493 2759 581 2822 duplici
592 2761 667 2808 latere
677 2759 836 2809 advertentes.

323 2826 333 2851 θ
349 2821 421 2869 Nurr
430 2824 489 2871 actui
499 2825 573 2884 praeit
585 2838 616 2871 en
627 2823 701 2874 duria.

317 2881 334 2923 s
349 2885 380 2932 Et
392 2889 441 2935 tuce
450 2889 573 2936 solutionis
583 2889 640 2950 (qua
649 2887 715 2952 fider
727 2887 871 2950 prestatur)
881 2886 1022 2950 suppletam
1031 2886 1175 2937 muctar.

778 3047 889 3098 NOTAE
962 3051 966 3056 '

322 3167 334 3213 ι
353 3159 603 3223 capranicae]
615 3159 762 3210 Omisitbic
774 3161 816 3211 Li·
892 3162 1250 3229 trmacormfflueut]
1265 3165 1387 3218 Luebarrt

288 3235 346 3283 vius
356 3235 473 3283 tribunos
481 3235 606 3284 militares
615 3235 675 3283 anni
683 3235 818 3285 catoniani
856 3235 935 3299 sarna,
945 3237 1013 3301 quod
1024 3252 1082 3286 curn
1095 3252 1145 3287 nnn
1155 3247 1242 3288 eraent
1252 3240 1386 3296 solvendo.

288 3312 345 3358 379.
363 3308 391 3357 1..
402 3307 543 3371 Papirium.
552 3309 581 3358 L.
591 3309 750 3372 Menenium,
760 3310 818 3358 Ser.
856 3319 979 3376 tauquam
997 3311 1161 3363 fraudatores
1183 3315 1385 3373 condemnares·

289 3384 446 3448 Cornelium,
461 3383 517 3433 Ser.
528 3384 681 3446 Sulpicium,
692 3398 817 3448 qucame·
858 3396 908 3435 tur.
941 3386 971 3437 ld
988 3395 1075 3438 autern
1092 3402 1150 3438 cunr
1167 3391 1304 3452 ignominia
1322 3406 1385 3442 eau-

288 3464 372 3508 murat
396 3458 524 3506 Diodorus
544 3459 646 3507 Siculus
665 3459 697 3507 ad
710 3459 816 3522 olymp.
853 3461 985 3524 junctum,
993 3463 1058 3511 adeo
1075 3469 1104 3512 ut
1116 3464 1173 3526 lege
1190 3464 1384 3518 Roaciaeertua

290 3537 346 3583 1⁰³.
359 3537 382 3581 l.
409 3533 467 3584 Qua
484 3534 517 3582 de
536 3547 564 3582 re
579 3532 639 3582 vide
652 3534 734 3583 Henr·
746 3535 817 3584 Dod—
858 3536 1038 3586 decoctoribus
1047 3539 1118 3587 leena
1130 3540 1155 3588 in
1165 3543 1319 3602 spectaculis
1329 3540 1386 3592 fue·

288 3610 390 3658 tretium
404 3608 475 3657 Dira.
492 3613 531 3657 10.
548 3608 582 3656 de
599 3609 678 3672 cyclis
696 3614 721 3660 2.
732 3615 772 3660 82.
789 3612 816 3660 J.
857 3612 891 3660 rit
903 3612 1067 3675 constitutus,
1078 3614 1192 3676 qaarnria
1203 3617 1260 3678 qaia
1270 3614 1384 3667 fortunae

290 3685 404 3733 Clericus.
857 3687 930 3748 vitio,
945 3701 995 3736 nen
1011 3702 1057 3736 auu
1074 3687 1232 3752 detexisset,
1248 3697 1317 3741 teate
1328 3692 1384 3742 Cic.

321 3757 815 3824 hErrr'par,prandrreresrrerutaatcr']Curu
855 3762 951 3825 Philip.
972 3776 1004 3814 ιι.
1032 3762 1147 3825 Carpere
1169 3773 1256 3815 autem
1277 3768 1387 3818 luebant

288 3847 396 3896 magnus
414 3840 484 3882 esset
502 3833 672 3883 obaeratorum
684 3849 817 3900 numerus,
855 3838 994 3898 debitores,
1004 3838 1070 3902 quod
1081 3839 1106 3887 in
1119 3839 1327 3904 rincutiaoperar
1336 3856 1385 3906 pra

289 3921 428 3972 omnesque
440 3909 513 3958 simut
525 3908 557 3957 ad
574 3911 724 3959 solutionem
739 3925 815 3974 urge·
854 3912 944 3962 debito
962 3921 1087 3976 praetere
1106 3926 1272 3978 cogerentur,
1288 3924 1318 3967 ut
1327 3918 1384 3981 jarn

287 3989 385 4037 rentur,
396 3981 476 4033 tiebat
487 3992 515 4033 ut
527 3984 552 4034 iu
565 3999 616 4034 are
631 3987 714 4036 alieno
725 3985 816 4036 dissui·
854 3990 949 4052 sapius
961 3997 1121 4038 annotatum.

287 4057 370 4107 vendo
382 4060 449 4106 atter
467 4061 576 4109 alterurn
587 4062 680 4124 jtrvare
696 4077 745 4113 non
758 4079 816 4128 pos·
854 4092 858 4099 ·
886 4061 898 4094 ¹
924 4063 961 4112 Μ.
984 4063 1055 4112 Fatr'r'
1077 4064 1199 4129 Ambusti]
1234 4067 1384 4133 θοςιιοιιιιιι

289 4140 345 4192 sat5
362 4140 389 4180 et
399 4133 437 4181 aie
447 4133 603 4184 omnibuaex
614 4150 646 4185 eo
658 4135 815 4188 adimeretur
855 4137 974 4188 Ambusti
986 4141 1028 4204 qui
1041 4139 1138 4202 primur
1156 4143 1245 4204 gessit,
1260 4157 1291 4194 ex
1305 4159 1335 4194 ea
1346 4145 1384 4197 ric

288 4207 404 4258 solvendi
416 4207 535 4259 sacnttaa.
855 4214 940 4264 dictur
959 4223 1010 4276 ert,
1021 4215 1089 4280 quad
1106 4214 1256 4268 adolescens
1275 4219 1382 4271 sutram
