3150 4942
591 444 661 491 urs.
686 442 741 491 rx.
764 443 847 492 cur.
868 430 922 493 at.
1211 436 1299 501 latu

205 582 279 654 tur?
324 582 368 647 Et
397 585 547 649 oratioue
577 585 798 660 dictatoris,²⁰
829 601 917 668 quae
933 588 1144 652 necessitatis
1172 590 1297 657 ultima

205 683 306 749 index
321 692 401 759 erat,
416 685 538 750 milites
553 686 684 749 accensi
700 686 826 749 vadunt
848 688 882 749 in
899 687 1043 764 hostem,
1066 698 1102 751 et
1122 698 1297 772 respectus

206 784 282 865 ipse
297 786 482 849 ardentium
497 794 691 860 castrorum,
706 804 896 867 quanquam
914 789 1079 869 proximis
1094 792 1220 865 tautum
1232 789 1298 873 (ita

199 885 290 948 enim
300 885 453 967 jusserat
467 882 626 969 dictator)
642 886 728 967 ignis
744 887 965 965 estsubditus,
979 888 1067 951 haud
1080 908 1220 971 parvum
1233 890 1298 956 suit

204 985 456 1051 irritamentum.
499 986 631 1069 Itaque,
654 986 747 1050 velut
769 987 930 1052 vecordes
951 988 1048 1059 illati,
1070 990 1170 1071 signa
1187 990 1297 1071 primo

204 1084 331 1168 impetu
346 1087 494 1151 hostium
509 1090 660 1162 turbaut3
682 1092 716 1151 et
730 1089 762 1151 iu
776 1095 938 1170 tempore,
953 1094 1130 1172 postquam
1145 1090 1298 1166 ardentia

204 1188 322 1267 procul
336 1187 420 1253 vidit
442 1194 555 1255 castra
578 1190 739 1269 magister
759 1190 918 1270 equitum,
939 1189 991 1273 (id
1013 1198 1216 1254 convenerat
1230 1192 1297 1275 sig·

204 1292 308 1365 nuur,)
329 1288 475 1353 hostium
499 1298 590 1372 terga
612 1289 752 1355 invadit.
797 1289 852 1353 Ita
873 1290 1089 1354 circumventi
1115 1289 1296 1370 Samnites,

203 1406 270 1469 qua
282 1385 396 1471 potest
410 1392 564 1473 quisque,
580 1390 691 1472 fugam
704 1410 762 1472 per
776 1390 909 1454 diversa
922 1396 1049 1472 petunt.
1079 1390 1199 1472 Ingens
1214 1394 1298 1457 mul·

204 1489 326 1564 titudo,
340 1492 482 1556 inunum
498 1500 588 1557 metu
606 1492 813 1574 conglobata,
828 1510 868 1555 ac
883 1497 988 1557 semet
999 1491 1106 1572 ipsam
1126 1492 1221 1556 turba
1236 1494 1298 1557 im·

203 1590 354 1671 podiens,
365 1593 398 1656 iu
413 1593 522 1658 medio
532 1613 631 1658 caesa.
675 1592 784 1676 Capta
797 1593 943 1657 hostium
956 1598 1067 1656 castra
1080 1590 1296 1675 direptaque3

205 1694 475 1775 quorumpraeda
490 1704 647 1759 onustum
663 1695 801 1759 militem
818 1696 851 1757 in
863 1694 1017 1757 &mana
1030 1700 1142 1757 castra
1154 1692 1298 1757 dictatur

203 1791 348 1871 reducit,
378 1795 635 1878 haudquaquam
660 1800 727 1859 taur
752 1795 897 1859 uictoria
921 1796 1050 1869 laetum,
1070 1812 1170 1875 quum
1195 1792 1296 1875 quod,

203 1900 324 1974 praeter
338 1895 496 1976 exiguam
510 1896 727 1961 deformatam
741 1894 897 1961 incendio
907 1902 1046 1977 partem,
1061 1900 1170 1959 cetera
1180 1900 1296 1959 contra

204 2016 299 2078 spem
315 1999 412 2065 salva
422 1999 556 2065 invenit.

245 2098 301 2163 24.
325 2100 378 2164 hd
393 2102 513 2167 Soram
527 2100 605 2167 inde
619 2100 781 2182 reditum3
804 2102 950 2183 novique
973 2097 1199 2162 consulesld.
1214 2098 1295 2165 Ρω-

204 2198 312 2277 telius,
327 2200 368 2264 G.
383 2201 556 2284 Sulpicius
579 2203 761 2265 exercitum
785 2202 829 2265 ab
853 2200 1011 2264 dictatore
1036 2198 1144 2262 Fabio
1169 2199 1295 2282 accipi·
1417 2192 1427 2207 '

202 2298 290 2378 unt:
312 2321 433 2384 magua
447 2308 541 2385 parto
556 2308 704 2367 veterum
728 2302 869 2365 militurn
885 2299 1039 2377 dimissa,
1058 2298 1221 2380 doumque
1237 2318 1295 2363 co·

203 2400 354 2466 hortibus
367 2404 402 2466 iu
417 2404 683 2486 supplementum
700 2402 869 2467 adductis.
912 2398 1080 2477 Ceterum,
1096 2416 1173 2461 cum
1192 2416 1295 2480 prop·

203 2508 253 2566 ter
268 2501 438 2569 difficilem
452 2506 543 2570 urbis
558 2504 659 2570 situm
673 2522 736 2567 uec
752 2500 964 2585 oppugnandi
986 2500 1068 2563 satis
1092 2505 1187 2563 certa
1209 2499 1293 2565 ratio

204 2604 351 2683 iniretur,
365 2613 399 2669 et
421 2612 480 2671 aut
504 2614 650 2689 tempure
674 2605 865 2686 longinqua,
891 2608 948 2667 aut
969 2620 1123 2683 praeceps
1143 2600 1293 2682 periculo

203 2706 347 2771 victoria
360 2715 470 2787 esset3
493 2708 642 2771 Soranus
658 2704 836 2786 transfuga,
859 2702 945 2767 clam
960 2720 1005 2765 ex
1018 2700 1147 2783 oppido
1163 2701 1291 2782 prolec-

204 2811 269 2883 tus,
285 2827 360 2871 curn
385 2808 427 2872 ad
444 2808 562 2890 vigiles
578 2806 754 2872 Romanus
770 2809 985 2887 penetrasset,
1009 2801 1087 2863 duci
1112 2820 1150 2865 se
1167 2807 1292 2866 ostem·

110 2976 114 2983 ,
203 2907 261 2989 plo
276 2908 317 2972 ad
332 2909 486 2973 consules
496 2908 603 2991 jubet,
619 2906 849 2986 deductusque
872 2901 1069 2965 traditurum
1090 2901 1205 2963 urbem
1219 2920 1295 2983 pro·

204 3010 316 3073 mittit.
360 3009 468 3073 Visus
498 3009 576 3072 iude
592 2995 703 3091 '(curn,
725 3022 872 3088 quonam
897 3001 997 3066 modo
1021 3000 1056 3063 id
1080 3006 1293 3083 praestaturus

200 3116 304 3188 ‚esset
321 3118 571 3193 percunctantes
591 3104 745 3188 doceret)
765 3104 853 3168 haud
877 3120 965 3166 vana
991 3098 1117 3175 afferre,
1140 3098 1293 3181 perpulit,

154 3240 157 3245 ·
203 3230 308 3295 prope
324 3212 484 3294 adjuncta
497 3211 665 3275 moenibus
682 3206 839 3271 Romana
852 3208 965 3268 castra
979 3207 1018 3269 ut
1041 3218 1103 3263 sex
1125 3198 1229 3262 millia
1250 3200 1294 3271 ah

205 3312 331 3396 oppido
347 3318 609 3377 removerentur:
631 3310 714 3384 fore,
728 3312 764 3371 ut
785 3306 897 3369 miuus
911 3303 1045 3367 intentae
1060 3301 1094 3366 in
1108 3299 1294 3365 custodiam

205 3415 298 3477 urbis
313 3414 439 3479 diumae
463 3416 626 3479 stationes
650 3430 691 3475 ac
716 3412 886 3472 nocturnae
900 3404 1022 3485 vigiliae
1044 3407 1171 3465 essent.
1213 3400 1295 3483 lpse

204 3514 397 3597 insequenti
416 3523 524 3593 nocte,
540 3514 603 3577 sub
617 3511 743 3594 oppido
758 3505 977 3591 sylvestribus
999 3503 1084 3567 locis
1106 3502 1294 3567 cohortibus

204 3614 347 3679 insidere
364 3616 482 3700 jussis,
497 3615 611 3679 decem
625 3611 743 3676 milites
758 3609 909 3674 delectos
925 3624 1038 3670 secum
1062 3602 1236 3688 perardua
1250 3620 1293 3666 ac

206 3735 313 3799 prope
327 3718 416 3782 invia
435 3718 470 3781 iu
493 3736 600 3781 arcem
626 3713 737 3792 ducit;
758 3710 922 3795 pluribus,
948 3727 1060 3791 quam
1076 3724 1135 3788 pro
1159 3718 1293 3767 numero

654 3874 837 3897 “mm

205 3980 357 4027 emsa—20
372 3979 429 4027 ‘Eu
444 3979 549 4028 umam
560 3976 692 4027 dictatoris.
720 3978 794 4025 Rott.
812 3984 840 4022 et
861 3970 947 4022 Helm.
964 3970 999 4015 Et
1014 3964 1164 4015 moratione.
1188 3962 1257 4011 Flor.
1267 3966 1296 4010 ct

208 4042 360 4105 Vossianus,
373 4044 406 4092 Et
417 4044 528 4093 mationa
563 4045 597 4093 Et
607 4043 645 4092 ira
657 4037 812 4104 tegendum:
834 4037 864 4085 J.
877 4036 905 4084 F.
919 4034 1025 4081 (ἔκιον.

696 4180 803 4234 Nom

645 4282 659 4311 ¹
680 4280 709 4331 Α.
722 4280 754 4330 U.
764 4280 795 4329 C.
805 4280 861 4329 itt.
