3150 4942
578 442 651 491 nrn.
676 442 714 491 x.
738 442 821 491 ose.
841 425 895 489 tl.
1196 427 1283 491 1377

193 604 298 669 prope
311 586 354 649 ad
370 585 463 667 signa
478 583 587 649 caedes
603 590 892 667 perveneratcnm
906 601 952 647 ex
966 587 1151 647 transverso
1162 584 1285 667 pulvis,

193 690 284 753 velut
292 689 435 771 ingentis
446 688 585 769 agminis
595 688 728 752 incessu
739 694 862 765 motus,
874 688 1042 770 apparuit.
1064 686 1126 770 Sp.
1138 686 1285 753 Nautius

193 788 388 874 (Octavium
405 788 546 853 Matium
560 780 705 869 *quidam
728 808 804 852 enm
821 784 970 870 tradant)
983 785 1053 850 dux
1068 787 1216 851 alaribus
1229 800 1286 853 co*

193 890 343 954 hortibus
357 897 438 953 erat.
482 888 656 954 Pulverem
671 888 844 973 majorem,
867 907 968 971 qnam
983 908 1044 971 pro
1058 907 1206 965 numero,
1226 908 1286 952 ex·
1347 956 1350 960 ἵ

195 992 366 1055 citabant:
395 989 580 1054 insidentes
608 990 708 1057 mnlis
737 990 873 1055 calones
897 988 1073 1055 frondosos
1094 1008 1289 1073 ramosper

195 1094 313 1153 terram
335 1089 526 1153 trabebant:
549 1108 642 1153 erma
666 1090 827 1173 signaque
846 1108 907 1172 per
928 1087 1094 1153 turbidam
1120 1089 1231 1153 lucem
1254 1092 1288 1155 in

195 1189 302 1272 primo
317 1190 540 1271 apparebant:
554 1196 568 1225 ⁸
589 1196 666 1272 post
680 1190 784 1257 altior
797 1190 999 1273 densiorque
1010 1190 1123 1272 pulvis
1137 1190 1288 1273 equitum

166 1288 170 1294 ⁴
196 1290 345 1372 speciem
356 1289 541 1371 cogentium
554 1308 669 1371 agmen
680 1290 793 1355 dabat.
833 1290 1033 1373 Fefellitqne
1043 1308 1110 1353 non
1122 1290 1289 1355 Samnites

196 1390 308 1468 modo,
330 1389 389 1453 sed
405 1388 718 1454 etiam-Romanos:
740 1399 772 1454 et
794 1391 912 1455 consul
931 1388 1108 1455 affirmavit
1129 1393 1293 1469 errorem,¹

197 1492 371 1557 clamitans
394 1492 479 1555 iuter
499 1492 607 1575 prima
631 1492 738 1575 signa,
765 1493 814 1558 ita
835 1498 962 1557 atrox
987 1491 1088 1556 etiam
1112 1490 1157 1558 ad
1175 1492 1290 1556 hostes

198 1593 430 1675 accideretfss‘?
451 1598 613 1676 ‘captum
637 1592 839 1673 Cominium,
860 1593 1023 1657 victorem
1045 1592 1210 1675 collegam
1231 1592 1292 1657 ad·

198 1714 295 1776 esse;
319 1695 541 1759 adniterentur
558 1696 693 1760 vincere
717 1681 831 1779 prins,
848 1713 950 1778 qoam
964 1695 1071 1776 gloria
1084 1694 1219 1759 ulterius
1231 1710 1292 1758 ex·

64 1832 72 1847 ·
198 1797 321 1861 arcitus
337 1793 450 1860 beret!
493 1794 584 1860 Haec
607 1796 754 1860 insidens
776 1814 874 1879 equo.
919 1794 1002 1859 Inde
1016 1796 1156 1860 tribunis
1178 1799 1292 1858 centn·

197 1897 414 1978 tionibusqne
424 1896 576 1977 imperat,
590 1904 629 1960 ut
644 1896 731 1961 viam
741 1904 764 1935 ¹¹
782 1896 952 1979 equitibus
963 1896 1176 1979 patefaciant.
1210 1894 1292 1976 Ipse

199 1996 367 2061 Trebonio
396 1996 611 2079 Caedicioque
639 1994 852 2079 praedixerat,
885 2002 936 2073 ut,
970 1995 1030 2059 ubi
1056 2013 1094 2058 se
1119 1993 1294 2077 cuspidem

199 2102 340 2161 erectam
360 2100 565 2180 quatientem
587 2099 760 2177 vidissent,
786 2104 911 2183 quanta
933 2098 1130 2163 maximati
1145 2101 1295 2181 possent,

201 2196 404 2265 concitarent
427 2200 557 2283 equites
579 2201 613 2267 in
637 2200 779 2265 bostem.
823 2200 886 2265 Ad
902 2204 1019 2265 nutum
1042 2202 1167 2274 omnia,
1190 2206 1229 2263 ut
1250 2215 1296 2262 ex

187 2305 281 2376 ⁸ttute
293 2308 496 2384 praeparato,
513 2300 607 2365 fiunt.
651 2300 850 2365 Panduntur
864 2301 950 2363 inter
964 2300 1097 2364 ordines
1112 2300 1194 2363 vim:
1220 2317 1297 2381 pro·

201 2398 294 2464 volat
319 2420 437 2484 eques,
458 2408 561 2485 atque
582 2400 714 2466 infestis
736 2401 933 2485 cuspidibus
952 2401 986 2464 io
1012 2400 1157 2464 medinm
1180 2419 1297 2482 agmen

203 2498 348 2565 hostium
368 2504 450 2583 ruit;
472 2504 717 2586 perrumpitque
739 2500 883 2578 ordines,
904 2519 1112 2583 quacumque
1134 2501 1298 2587 impetum

205 2600 306 2663 dedit.
351 2601 482 2667 Instant
495 2602 699 2666 Volumnius
715 2606 748 2666 et
761 2601 892 2684 Scipio,
906 2609 943 2665 et
953 2602 1125 2683 perculsos
1139 2607 1298 2667 sternunt.

204 2700 302 2777 Tum,
312 2701 384 2783 jam
402 2702 549 2768 Deorum
564 2702 801 2784 hominumque
814 2703 901 2765 victa
910 2700 971 2779 ri,¹’
984 2700 1166 2783 funduntur
1179 2702 1300 2767 lintea·

206 2806 251 2864 tce
267 2800 438 2866 cohortes:
461 2803 584 2882 pariter
602 2802 709 2882 jurati
732 2800 938 2881 injuratique
959 2799 1100 2879 fugiunt,
1120 2819 1182 2862 nec
1197 2818 1300 2884 quen-

206 2918 320 2981 quam,
348 2907 467 2985 praeter
490 2901 617 2971 bostes,
640 2905 804 2985 metuunt,
846 2896 1002 2961 Peditum
1027 2904 1186 2979 agmeu,¹⁸
1207 2900 1299 2985 qnod

207 3002 375 3082 superfuit
388 3021 521 3085 pugnes,
536 3002 571 3064 iu
587 3005 698 3064 eastra
712 2997 756 3061 sd
771 2995 992 3080 Aquiloniam
1011 2998 1222 3080 compulsum
1238 3009 1302 3063 est.

210 3098 381 3167 Nobilitas
395 3102 592 3185 equitesque
605 3098 794 3163 Bovianum
807 3097 1024 3181 perfugerant
1033 3098 1188 3179 :equites
1196 3117 1302 3183 eques

209 3202 368 3283 seqnitur,
383 3201 529 3285 peditem
544 3198 673 3281 pedes:
696 3216 738 3263 ac
762 3198 897 3263 diversa
918 3215 1052 3273 cornua,
1078 3197 1233 3262 dextrum
1256 3198 1302 3262 ad

211 3307 324 3365 castra
339 3300 553 3378 Samnitium,
562 3300 685 3365 laevum
700 3298 744 3365 ad
759 3299 873 3361 urbem
887 3297 1006 3363 tendit
1029 3298 1125 3361 Prior
1134 3299 1303 3381 aliquanto

210 3398 416 3466 Volumnius
432 3408 541 3466 castre
555 3401 665 3484 cepit:
688 3399 732 3463 ad
746 3400 860 3463 urbem
882 3398 1036 3481 Scipioni
1056 3398 1181 3482 majore
1202 3400 1304 3463 resis-

246 3545 254 3578 ²
269 3546 363 3597 Falsum
371 3548 503 3611 ορίιίοπιω
513 3548 662 3661 coextenderit
671 3550 752 3597 emeat
762 3552 875 3611 tunquam
882 3560 969 3598 soom.

562 3617 630 3662 σεται.

664 3720 851 3742 ‘OQM‘

243 3618 262 3643 ’¹
278 3611 536 3675 emerserimus

212 3802 533 3854 obmutescendum
550 3803 763 3867 strictissimis?
781 3806 959 3869 Rupere-lo
976 3803 1019 3854 Ar.
1030 3804 1223 3853 emersu-ll
1245 3802 1305 3853 Vin

703 3933 813 4008 upra

247 4030 305 4078 ⁸121
322 4030 399 4093 primo
408 4029 564 4095 apparebunt]
588 4029 621 4079 ld
643 4035 694 4093 est,
714 4030 739 4077 lu
781 4026 854 4077 randi
865 4025 1000 4088 religione,
1020 4038 1077 4088 quae
1092 4024 1212 4075 linteatus
1222 4027 1305 4075 oonti·

215 4102 300 4153 fronte
312 4120 342 4154 ne
355 4107 436 4169 primo
448 4113 565 4168 aspectu.
781 4100 878 4150 nebat:
897 4099 946 4148 viru
965 4105 1049 4147 autem
1071 4102 1210 4164 bornicum,
1229 4101 1305 4151 robus

248 4176 261 4209 l
284 4180 391 4229 Deorum
417 4180 576 4243 luminumque
603 4180 666 4227 uicto
704 4176 741 4240 ci]
782 4178 894 4227 omnium
904 4176 1066 4226 Samoltium.

217 4252 276 4302 Vim
294 4253 409 4305 Deorum
426 4257 463 4305 cit
479 4262 577 4305 metum
595 4268 628 4305 ex
641 4251 740 4317 jurejn.
