3150 4942
306 411 372 480 948
777 431 811 476 r.
836 431 932 478 nrvrr

306 573 468 638 miserint.
511 573 576 668 Tu,
590 573 631 637 Τ.
646 569 797 650 Quintil,
807 574 952 656 equitem
964 572 1109 638 intentus
1122 572 1166 637 ed
1178 572 1320 656 primum
1334 575 1401 658 ini5

308 673 391 737 tium
405 673 488 737 moti
502 673 691 737 certaminis
707 681 839 737 tenens:
862 673 918 736 nbi
932 671 1056 738 inserere
1066 674 1137 756 jem
1153 676 1259 738 aciem
1274 676 1399 740 colluto

307 772 392 856 pede
414 773 546 849 rideris,
567 779 638 835 tum
661 779 816 836 terrorem
837 780 1024 855 equestrem
1047 775 1223 855 occupetis
1246 773 1317 838 ulio
1339 795 1399 856 pua

308 884 386 937 vere
407 875 508 953 inser3
529 875 750 956 invectusque
770 873 905 939 ordines
920 874 1130 955 pugnantium
1145 874 1295 956 dissipa!
1337 875 1398 939 Sic

306 995 420 1058 eques,
433 976 482 1039 sic
496 975 607 1058 pedes,
619 987 659 1038 ut
670 982 886 1058 praeceperat,
900 981 1067 1056 pugnent:
1088 993 1150 1038 nec
1160 974 1232 1038 dux
1242 975 1398 1057 legiones,
1441 1009 1449 1021 ·

307 1093 370 1140 nec
384 1077 514 1139 fortune
529 1074 645 1139 fefellit
659 1074 789 1140 ducem.
1022 1150 1026 1158 Ι
1057 1137 1060 1141 ,
1168 1153 1171 1160 Ι
1330 1089 1334 1094 ·

350 1176 405 1240 13.
428 1175 608 1240 Multitudo
631 1177 791 1254 hostium,
810 1177 891 1242 nulli
912 1177 985 1255 rein
1009 1184 1231 1262 praeterquam
1252 1197 1397 1256 numero,

308 1276 420 1352 frete,⁸
440 1282 474 1339 et
493 1277 600 1340 oculis
620 1285 795 1361 utrumque
815 1279 956 1341 metiens
976 1281 1094 1354 eciem,
1108 1284 1229 1342 temere
1244 1279 1399 1362 proelium

308 1377 389 1453 iniit,
403 1381 521 1439 temere
536 1377 667 1441 emisit:
691 1377 835 1444 clamore
848 1383 978 1442 tentum
994 1378 1249 1462 missilibusque
1264 1378 1341 1472 telis
1363 1383 1399 1441 et

309 1475 417 1557 primo
440 1495 560 1558 pugnae
581 1477 706 1560 impetu
727 1479 832 1555 ferox,
848 1478 976 1560 gladios
998 1486 1033 1542 et
1054 1479 1212 1560 collutnm
1230 1478 1349 1560 pedem
1364 1485 1399 1542 et

309 1577 438 1640 vultum
462 1576 576 1652 hostis,
600 1577 716 1642 erdere
740 1579 843 1642 enimi
866 1579 1057 1654 minentem,
1079 1578 1161 1643 serre
1184 1599 1250 1642 nun
1275 1579 1397 1660 potuit.

308 1675 465 1759 Impulsn
478 1677 567 1742 frons
581 1680 699 1761 prims,
713 1685 746 1742 et
761 1679 940 1762 trepidatio
951 1680 1112 1744 subsidiis
1126 1677 1244 1754 illuto,b
1257 1686 1291 1743 et
1300 1699 1399 1742 suum

309 1783 464 1842 terrorem
480 1779 591 1842 intulit
606 1799 729 1861 eques:
752 1782 838 1862 rupti
853 1780 930 1844 inde
944 1781 1058 1847 multis
1072 1781 1157 1844 locis
1172 1780 1398 1856 ordineque

276 1891 277 1894 ’
310 1883 411 1959 toque
434 1879 556 1956 omniu,
579 1885 612 1944 et
636 1881 812 1944 fluctuanti
838 1881 957 1945 similis
966 1890 993 1919 ¹⁰
1019 1884 1109 1948 ecies
1131 1888 1214 1946 erut.
1256 1880 1399 1958 Deinde,

309 1984 502 2061 postquem,
518 1978 715 2044 cudentibus
736 1982 865 2062 primis,
881 1981 952 2064 jem
975 1982 1019 2046 nd
1041 2003 1077 2046 se
1099 1983 1240 2064 quisque
1261 1989 1400 2068 perven-

309 2085 416 2164 turum
439 2080 564 2144 cundem
587 2083 756 2160 cernebat,
772 2090 863 2164 terga
883 2090 1025 2148 vertunt.
1067 2081 1399 2169 Instere'Romunns,

309 2187 356 2258 et,
372 2181 477 2246 donec
492 2185 609 2247 armati
626 2183 829 2265 consertique
844 2185 992 2261 abibunt,
1003 2183 1152 2266 peditum
1167 2184 1261 2247 labor
1276 2184 1311 2244 iu
1325 2201 1399 2265 per-

310 2282 480 2364 sequendo
501 2283 575 2347 fuit.
630 2282 819 2366 Postquam
838 2283 962 2366 jactari
985 2303 1077 2348 erma
1097 2285 1235 2366 possim,
1255 2284 1400 2368 iugoque

310 2371 371 2464 per
394 2401 491 2464 egros
513 2383 626 2464 spargi
649 2385 754 2446 aciem
777 2383 925 2449 hostium
947 2385 1213 2449 animadversum
1233 2391 1305 2463 est3
1327 2393 1400 2448 turn

310 2481 461 2563 equitum
484 2487 599 2546 turmee
619 2483 763 2560 emissae,
778 2482 858 2546 deto
879 2484 986 2565 signo,
1000 2505 1053 2561 ne,
1068 2487 1101 2549 in
1116 2484 1314 2566 singulorum
1327 2502 1401 2548 mo·

308 2580 412 2648 rende
434 2581 551 2659 coede,⁸
573 2583 722 2664 spatium
742 2582 784 2647 ud
809 2583 1016 2648 eradendum
1036 2586 1168 2649 interim
1195 2583 1400 2648 multitudini

310 2679 445 2745 durent:
468 2682 551 2745 satis
567 2699 656 2758 esse,
670 2682 856 2746 missilibus
869 2703 909 2747 ec
924 2685 1238 2767 terroreimpediri¹¹
1254 2703 1399 2760 cursum,

308 2781 604 2870 obequitandoque
621 2801 736 2864 agmen
751 2784 865 2862 teneri,
880 2785 958 2848 dnm
975 2787 1110 2868 assequi
1124 2786 1249 2869 pedes‘
1262 2792 1298 2848 et
1307 2783 1399 2866 juste

312 2882 407 2946 coede
432 2881 592 2948 conficere
611 2884 742 2948 lrnstcm
765 2885 913 2966 possets
953 2885 1058 2967 Fugee
1080 2886 1311 2969 sequendique
1333 2903 1398 2947 uon

343 3054 354 3080 ⁶
370 3047 481 3095 Detinerr'
491 3047 564 3095 eciem
573 3046 684 3108 bertium,
694 3047 765 3094 conec
773 3048 874 3109 pedites,
884 3050 925 3110 isc.

338 3107 357 3153 s
369 3111 444 3158 ΗΜ
453 3115 534 3171 strage
541 3111 679 3173 profligare.

764 3205 944 3228 cunnum

315 3283 465 3332 Gnoson-8
482 3283 560 3346 ang.
573 3283 608 3332 Tu
622 3285 715 3341 Qru'rrti·

344 3351 361 3395 9
377 3348 545 3397 scribendum
563 3357 651 3399 monet
666 3349 692 3401 J.
710 3351 738 3399 F.
754 3351 869 3402 Gronov.
885 3355 950 3404 nube
963 3357 1064 3404 rn-ltt
1081 3353 1398 3419 Vulpfluetmticrirrre-

314 3413 343 3458 ll
357 3411 489 3474 ‘Impedirc
500 3411 581 3460 Drulr.
592 3421 619 3461 et
629 3414 677 3464 Ed.
689 3415 744 3463 Cel.
757 3416 788 3464 n.
801 3417 836 3465 G.
847 3418 961 3467 Ernesti.
982 3419 1033 3466 lllu
1043 3417 1128 3468 forsan
1140 3434 1274 3481 operurnur
1287 3419 1398 3467 incuria:

312 3476 477 3586 qqprohnnico
498 3481 620 3539 excepto,
641 3490 730 3528 omncs
749 3479 814 3530 bles.
832 3487 944 3530 nostrum
961 3482 1097 3531 lectionem
1111 3483 1243 3547 [inpedior]
1259 3481 1400 3533 exhibent!

806 3622 911 3674 Nom

345 3720 357 3746 ¹
385 3713 455 3762 Nulli
475 3713 519 3776 rei,
547 3719 705 3779 preterquam
732 3730 837 3774 sume,
875 3721 952 3769 scier
971 3721 1231 3784 Lemnium.

307 3786 387 3850 fretu]
407 3786 467 3836 Nou
488 3788 534 3836 ubr
546 3791 660 3839 rescribi
675 3790 753 3852 jubet
770 3791 836 3842 Gro·
906 3803 917 3828 θ
934 3796 1000 3845 Duto
1009 3797 1088 3859 nuso,
1098 3811 1136 3861 ne,
1146 3797 1174 3845 in
1186 3796 1334 3858 riualem
1348 3810 1396 3844 nro·

313 3877 373 3913 nur.
396 3864 462 3912 nullu
481 3877 523 3912 re.-
547 3871 576 3912 nt
592 3865 635 3912 lib.
653 3879 694 3914 rx.
717 3866 838 3917 ‘Etrusci
873 3873 948 3919 mdo
965 3873 1040 3936 carle]
1058 3871 1162 3934 Signum
1181 3871 1238 3920 duri
1255 3870 1353 3920 dieitur
1368 3870 1397 3918 ln

311 3939 428 3987 omnium
466 3945 636 4004 preterquam
667 3941 838 3992 multitudinis
876 3945 953 4008 bello,
972 3963 1023 3996 non
1038 3949 1189 3996 rolnruenrn
1206 3947 1324 3995 tuburum
1342 3961 1399 3995 cur·

313 4027 378 4072 suu,
394 4027 445 4076 qur
461 4014 516 4063 solu
530 4012 593 4064 freti
608 4023 692 4078 eruut,
709 4017 838 4067 immerno-
877 4035 986 4070 unumve
1003 4037 1067 4073 runo
1084 4029 1220 4070 ruoucntnr
1231 4022 1336 4081 militer,
1352 4020 1398 4068 red

311 4087 374 4137 τοι)
877 4096 956 4145 etium
966 4111 1024 4146 cunr
1035 4097 1110 4146 ducis
1120 4096 1229 4158 imperis
1246 4109 1308 4145 rece
1317 4095 1399 4146 eduo-

346 4161 358 4194 δ
373 4162 409 4212 Et
418 4163 544 4225 trepidatio
553 4161 663 4214 subsidiis
673 4165 753 4228 dictu]
773 4167 835 4217 Sub-
878 4177 921 4220 tur
931 4185 961 4220 uc
974 4171 1191 4220 transmittuntur.

312 4237 375 4288 uldin
384 4251 430 4301 pro
441 4237 607 4296 subsidiariis,
617 4240 693 4304 quiin
705 4249 835 4304 perurens
