3150 4942
316 404 402 477 1304
787 410 822 459 r.
845 406 940 457 urvrr

317 575 394 653 apte
410 562 519 647 planis
532 555 640 623 alveis
655 554 850 625 fabricatos,
873 570 954 634 pars
967 551 1104 632 captiva
1117 551 1255 633 navigia
1274 558 1415 621 matis

317 669 496 751 complent.
539 657 752 739 Proiectique
782 654 827 718 ad
853 653 1009 727 classem,
1034 652 1225 717 immobiles
1250 675 1363 722 nares
1382 666 1418 723 et

318 775 394 839 loca
418 769 533 848 ignota
557 758 646 841 plus,
669 775 767 840 quarn
792 756 934 830 hostem,
958 754 1114 817 timentes
1138 754 1417 823 circumvadunt:

316 872 547 953 fugientesque
559 862 593 924 in
609 860 711 922 altum
727 858 849 933 acrius,
859 874 961 938 quam
974 860 1238 936 repugnantes,¹²
1248 859 1417 939 usquead

319 976 443 1038 ostium
458 966 566 1033 amnis
580 960 760 1044 persecuti,
784 957 892 1039 captis
907 954 1107 1039 quibusdam
1129 956 1344 1040 incensisque
1358 980 1418 1023 na-

318 1073 416 1140 vibus
430 1067 586 1140 bostium,
601 1080 685 1145 quas
698 1058 881 1143 trepidatio
906 1058 941 1120 in
956 1056 1046 1120 vada
1070 1056 1244 1135 intulerat,
1265 1060 1416 1125 victores

319 1175 535 1240 revertuntur.
579 1164 793 1245 Cleonymus
808 1161 866 1223 rix
883 1159 1001 1240 quinta
1014 1163 1110 1239 parte
1129 1158 1266 1221 navium
1286 1161 1417 1226 incolu-

319 1276 378 1351 mi,
392 1272 481 1337 nulla
495 1268 628 1349 regione
647 1262 748 1325 maris
763 1258 931 1323 Adriatici
946 1276 1106 1340 prospero
1120 1257 1227 1337 adita,
1241 1260 1416 1327 discessit

320 1376 445 1441 Rostra
459 1370 594 1434 uadum
610 1362 785 1447 spoliaque
801 1362 985 1434 Laconum,
1009 1359 1044 1421 iu
1057 1357 1132 1422 sede
1145 1358 1296 1424 lunonis
1311 1367 1415 1427 veteri

319 1478 402 1552 fixa,
416 1472 510 1537 multi
525 1471 713 1550 supersunt,
728 1462 787 1545 qui
804 1461 966 1524 viderunt.
1012 1458 1147 1523 Patavii
1160 1474 1418 1527 monumentum

319 1576 451 1641 navalis
466 1588 588 1655 pugnae
603 1585 644 1631 oo
658 1564 724 1638 die,
735 1581 805 1643 quo
820 1566 1003 1643 pugnatum
1018 1565 1079 1633 est,
1092 1561 1270 1642 quotannis
1286 1565 1419 1629 solenni

320 1676 498 1743 certamine
513 1670 647 1733 navium
662 1667 697 1728 in
711 1664 849 1729 flumine
861 1662 980 1745 oppidi
995 1661 1126 1725 medior
1147 1668 1363 1727 exercereris

362 1777 394 1841 3.
416 1771 543 1837 Eodem
559 1787 647 1832 anno
662 1765 782 1830 Rornae
800 1782 875 1826 oum
890 1761 1068 1839 Vestinus
1089 1762 1281 1843 potentibus
1302 1768 1419 1830 amici-

320 1880 413 1953 tiam,
435 1875 537 1937 ictum
564 1874 614 1932 est
636 1866 758 1931 foedus.
803 1863 984 1945 Multiplex
1009 1860 1129 1925 deindo
1145 1870 1284 1926 exortus
1298 1873 1417 1932 terror.

321 1975 488 2045 Etruriam
501 1970 672 2045 rebellare,
686 1966 730 2030 ab
745 1963 974 2031 Arretinorum
983 1961 1205 2026 seditionibus
1216 1970 1313 2028 motu
1327 1978 1420 2046 orto,

321 2076 535 2145 nuntiabatur
545 2092 555 2153 3
567 2070 623 2134 ubi
633 2068 776 2131 Cilnium
790 2082 914 2146 genosi
930 2068 1145 2146 praepotens,⁰
1159 2061 1359 2130 divitiarum
1369 2070 1420 2131 in·

320 2178 424 2255 vidis,
440 2174 518 2259 pelli
533 2171 635 2236 armis
648 2176 821 2251 coeptum3
843 2164 943 2229 simul
957 2164 1091 2228 Marsos
1103 2170 1130 2210 ¹⁴
1140 2182 1259 2245 agrum
1273 2166 1310 2229 vi
1319 2171 1421 2245 tueri,

321 2284 356 2347 in
372 2296 470 2362 quem
486 2272 619 2338 colonia
640 2267 811 2334 Carseolir
832 2265 980 2329 deducta
1001 2269 1084 2339 erat,
1098 2272 1245 2345 quatuor
1266 2266 1420 2332 millibus

353 2453 364 2479 ⁶
383 2446 472 2521 Opibsu
481 2459 553 2508 supra
564 2448 653 2493 retusa
661 2440 765 2490 nniseus
770 2436 868 2498 smilis
880 2435 1019 2487 etaim

775 2579 956 2601 mmuuu

321 2687 440 2733 meib
458 2683 536 2745 Vulg.
555 2698 583 2730 se
596 2694 710 2743 nuquam
730 2681 963 2742 repugnantes-18
988 2677 1087 2726 ‘Forte
1103 2677 1153 2738 leg.
1171 2677 1270 2726 Patauii
1288 2678 1318 2725 ia
1336 2692 1422 2728 naas·

321 2753 425 2797 nerum
434 2746 610 2811 (memoriam)
620 2744 710 2793 aurelia
719 2756 807 2806 prrgrroe
818 2776 826 2791 .
836 2774 859 2791 ..
870 2741 1014 2804 ,quarm
1022 2741 1116 2789 solem
1125 2744 1243 2789 censeres
1252 2742 1370 2790 soriam

321 2816 459 2861 exercetur:
477 2811 524 2859 uisi
547 2810 602 2858 bac
621 2808 749 2857 sententia
769 2805 870 2854 doctius
888 2819 1011 2867 expressa
1030 2803 1088 2853 est.'
1105 2804 1271 2866 Rem-lt
1287 2804 1422 2869 ‘Aliquot

321 2875 381 2924 libri
403 2874 499 2924 babent
515 2874 606 2924 Sturum
620 2888 636 2921 o
654 2872 754 2920 Marsis.
778 2870 837 2920 Quo
857 2868 896 2925 tir,
914 2875 944 2917 ut
962 2875 1051 2932 putem
1069 2867 1204 2931 legendnm
1224 2880 1293 2931 ease,
1310 2870 1421 2920 Sinala

812 3028 918 3080 NOTAE

322 3146 354 3195 go
367 3128 458 3181 Pudor.
918 3133 928 3158 ¹
946 3122 1064 3186 Carseoli]
1080 3122 1132 3173 Via
1146 3124 1253 3173 Valeria
1266 3123 1331 3173 trib.
1348 3140 1421 3187 paea.

353 3207 413 3256 Pla
417 3205 520 3271 fiamine
530 3205 609 3267 oppidi
623 3205 709 3267 mou]
737 3202 769 3252 lu
788 3202 845 3251 Me·
884 3200 975 3250 millib.
994 3215 1011 3250 s
1028 3200 1122 3251 destrs
1140 3199 1248 3248 Anienis
1264 3200 1324 3262 ripa
1342 3200 1421 3251 isere

321 3280 402 3329 duaco
413 3280 566 3343 miserisqui
577 3294 623 3342 per
634 3279 743 3328 mediam
753 3276 846 3325 urbem
885 3275 1012 3330 Carseoli,
1026 3288 1096 3325 nanc
1107 3275 1184 3337 ralgo
1194 3274 1290 3336 Amat,
1299 3275 1329 3323 in
1340 3277 1422 3324 Cam·

320 3354 427 3405 labitur.
887 3352 963 3415 penis
986 3352 1111 3401 Romans.
1151 3350 1287 3413 Oppidum
1302 3348 1356 3400 isit
1373 3352 1422 3400 Ε-

353 3439 364 3472 ‘¹
391 3434 454 3480 Cum
476 3428 591 3494 Vestinis]
618 3430 692 3480 Inter
713 3430 847 3479 Samnitici
886 3438 1004 3489 quorum,
1021 3440 1066 3473 seu
1086 3424 1289 3489 lEqulculornm,
1309 3431 1341 3474 ut
1358 3426 1420 3487 ipse

215 3537 220 3555 ,
320 3506 423 3565 generis
442 3506 550 3566 populor
566 3505 666 3554 Vestini
686 3503 770 3562 inere,
788 3505 847 3553 Ms-
886 3502 972 3551 Lirins
981 3502 1072 3551 scribit
1088 3501 1163 3551 initio
1173 3515 1232 3564 cap.
1246 3504 1286 3549 tt.
1318 3501 1420 3550 Mirum

320 3578 389 3627 trino
399 3576 426 3629 u.
436 3592 453 3626 a
465 3578 570 3628 Picenis
580 3593 693 3643 agroque
703 3580 847 3635 Hadriano,
886 3579 912 3627 ni
929 3578 1023 3627 Albam
1040 3578 1082 3627 bie
1098 3577 1188 3626 disere
1205 3577 1288 3625 voluit
1308 3577 1418 3638 Lirim

321 3652 421 3703 Aterno
436 3665 452 3700 s
468 3652 623 3715 Marrucinis
639 3662 667 3702 et
681 3654 799 3717 Peliguir
809 3654 848 3703 dl·
887 3668 945 3704 curu
957 3667 988 3702 eo
997 3653 1095 3715 jussam
1107 3651 1204 3715 deduci
1215 3652 1345 3701 coloniam
1355 3667 1418 3716 esp.

319 3730 382 3787 risi;
400 3738 508 3790 quorum
522 3726 618 3788 oppida
636 3728 767 3790 precipua
783 3728 847 3777 Piu-
887 3733 911 3779 1.
928 3728 1078 3791 seripserltr
1097 3729 1207 3777 colonia
1223 3740 1287 3776 reso
1305 3728 1420 3777 Caraeo·

320 3802 459 3866 ns,hodie‚
471 3801 552 3851 cirita
568 3802 593 3849 dr'
605 3802 701 3849 Perre.-
719 3807 746 3849 et
757 3800 847 3863 Angu-
885 3804 924 3853 los
935 3802 1055 3853 deducte
1072 3803 1197 3851 bactanaa
1218 3814 1271 3850 uon
1290 3804 1418 3851 meariue·

318 3880 368 3936 lus,
390 3880 478 3942 vulgo,
503 3876 584 3926 Ciritu
602 3878 629 3925 di
649 3875 677 3925 S.
698 3876 799 3939 Argeia,
818 3878 846 3926 in
886 3877 937 3937 rit,
953 3876 999 3925 sed
1011 3884 1071 3940 post
1082 3890 1177 3926 esuum
1188 3875 1281 3926 abhinc
1292 3885 1418 3939 quarta·

319 3954 431 4017 Aprutio
448 3952 576 4014 ulteriori,
591 3959 618 4001 et
630 3964 709 4015 regno
721 3952 845 4014 Neapoli·
885 3949 1073 4015 dietorspdt.
1094 3951 1197 4015 Alioqui
1206 3951 1345 4001 dicendum
1353 3954 1417 4013 erit,

319 4035 390 4078 tsuo.
680 4046 686 4059 ·
885 4026 983 4076 colonis
995 4028 1132 4076 Carseolos
1142 4026 1377 4089 mississssigusses
1384 4027 1417 4076 in

352 4113 364 4155 t
384 4102 489 4152 Cilnium
497 4103 585 4166 gersus]
602 4102 672 4152 Vide
683 4117 740 4166 ques
751 4102 801 4152 hac
812 4103 846 4152 de
884 4103 1028 4152 vicinorum
1045 4104 1191 4153 Marsorum
1212 4102 1308 4152 tinibus
1329 4116 1419 4164 agros,

320 4182 398 4237 gente
409 4178 516 4239 collegit
525 4178 551 4227 J.
563 4178 599 4227 ll.
611 4178 766 4227 Meibomius
777 4178 804 4226 iu
815 4177 845 4226 C·
885 4179 953 4244 quod
980 4178 1050 4229 forte
1069 4192 1120 4229 nou
1144 4176 1279 4229 sufficeret
1303 4188 1417 4243 quatuor

321 4250 844 4315 CiluitMaceustiarits,c.s..l.cleriras.
884 4254 996 4306 millibus
1007 4256 1102 4306 civium
1118 4254 1292 4307 Romanorum
1311 4254 1417 4305 territe·
