3150 4942
579 415 650 463 mn.
673 414 739 462 vlt.
762 414 844 464 car.
866 400 920 464 tc.
1209 401 1297 466 tutlb

200 549 381 622 traxerunt.
423 557 610 649 [Imperator
623 559 794 642 extemplo
812 557 992 622 adveniens
1008 557 1222 640 appellatus3
1245 553 1294 623 in·

203 659 376 740 signisque
400 658 535 722 honoris
558 660 713 722 exterrito
736 660 858 723 subitae
882 659 930 722 rei
954 658 1115 722 miraculo
1132 659 1296 738 deterunt,

201 758 296 822 etad
315 758 436 822 Urbem
451 759 571 823 ducere
586 757 718 840 jubent.
751 759 824 824 Suo
839 760 945 841 magis
958 759 1035 822 inde
1046 760 1183 842 impetu,
1196 781 1296 842 qaam

199 855 344 923 consilio
360 859 467 930 ducis,
480 859 653 924 convulsis
667 861 783 940 signis,
803 861 926 924 intesta
947 861 1077 939 agmine
1090 860 1134 923 ad
1149 860 1295 943 lapidem

200 967 357 1024 octavum
374 962 466 1036 viae,⁹
479 981 557 1044 qnae
575 977 667 1026 nunc
683 959 800 1043 Appia
813 968 878 1038 est,
893 961 1102 1043 perveniunt:
1124 961 1296 1046 issentque

200 1059 375 1124 confestim
391 1061 433 1124 ed
443 1061 582 1138 Urbem,
593 1064 627 1126 ni
644 1064 753 1126 venire
764 1071 880 1125 contra
893 1065 1072 1125 exercitum
1082 1062 1295 1128 dictatorem·

200 1177 267 1242 que
281 1160 441 1225 adversus
457 1181 494 1226 se
510 1161 558 1226 M.
571 1161 741 1226 Valerium
757 1161 904 1225 Corvum
921 1160 1045 1224 dictam
1068 1162 1249 1240 audissent,
1262 1173 1297 1228 et

200 1263 393 1342 magistrum
409 1265 556 1345 equitum
570 1263 610 1326 L.
627 1264 799 1328 AEmilium
816 1262 1069 1327 Mamercinum.

199 1395 202 1400 ·
244 1363 299 1424 tu.
315 1360 384 1426 Ubi
399 1365 539 1445 primum
552 1365 586 1426 in
602 1370 841 1446 conspectum¹
857 1369 991 1428 ventum
1001 1369 1063 1439 est,
1079 1382 1171 1428 arma
1186 1365 1298 1447 sigua-

202 1468 306 1542 qne¹⁰
327 1479 505 1543 agnovere3
528 1463 696 1544 extemplo
719 1464 895 1526 amnibusy
918 1462 1080 1524 memoria
1093 1468 1210 1546 patriae
1228 1467 1296 1531 irus

201 1559 387 1642 permulsit.
431 1561 591 1626 Nondum
615 1571 708 1626 erant
732 1569 804 1626 tam·
821 1563 924 1626 sortes
940 1563 982 1626 ad
1007 1565 1199 1644 sanguinem
1215 1568 1296 1630 civi·

199 1659 277 1738 lem,
291 1679 363 1738 uec,
375 1669 495 1745 praeter
508 1669 658 1738 externa,
670 1667 829 1726 noverant
846 1663 933 1726 bella
944 1674 973 1726 :¹
988 1662 1172 1747 ultimaque
1186 1668 1296 1730 rabies

201 1763 353 1825 secessio
369 1763 423 1826 ab
443 1763 513 1826 sais
535 1761 730 1826 habebatur.
777 1763 833 1826 lta
850 1763 923 1845 jam
947 1763 1059 1839 duces,
1076 1764 1148 1848 jam
1174 1768 1295 1830 milites

200 1862 378 1943 utrimque,
407 1879 606 1942 congressus
634 1881 782 1944 quaerere
813 1861 855 1926 ad
883 1864 1063 1947 colloquia.
1124 1863 1295 1943 Quintius,

199 1979 303 2044 quem
319 1980 482 2026 armorum
503 1963 602 2026 etiam
630 1982 691 2045 pro
716 1963 824 2044 patria
849 1965 989 2027 satietas
1015 1970 1149 2042 teneret,
1173 1965 1295 2030 nedum

200 2061 364 2130 adversus
382 2063 545 2144 patriam
568 2062 710 2139 Corvus,
724 2081 839 2126 omnes
853 2064 989 2126 caritate
1005 2065 1109 2140 cives,
1122 2067 1295 2147 praecipue

200 2163 335 2240 milites,
357 2172 392 2228 et
414 2171 490 2227 ante
511 2165 598 2228 alios
614 2181 711 2226 saum
727 2163 923 2238 exercitum,
937 2164 1152 2244 complexus,
1168 2165 1212 2227 ad
1227 2167 1296 2229 col-

200 2263 543 2346 loquiumpracessit.
587 2261 729 2345 Cognito
744 2263 775 2326 ei
796 2263 969 2345 extemplo
989 2262 1076 2326 haud
1096 2265 1202 2328 minor
1212 2273 1235 2303 ¹¹
1252 2267 1296 2329 ab

200 2363 400 2429 adversariis
424 2364 639 2442 verecundia,
665 2383 767 2447 quam
790 2365 835 2426 ab
860 2366 931 2428 sais
957 2363 1135 2442 silentium,
1161 2366 1294 2430 datum:

235 2511 249 2578 t
264 2544 373 2594 Naaduar
385 2545 488 2596 Romani
504 2560 531 2594 ea
548 2545 648 2596 maida
664 2549 826 2608 perverenat,
844 2550 873 2592 st
888 2543 975 2595 εἰοίυπι
987 2543 1127 2604 sauguinem
1139 2545 1191 2594 rirre
1201 2544 1297 2596 terren

200 2606 365 2670 efferam·
380 2623 423 2658 rrer
433 2609 500 2659 bellis
510 2609 558 2657 atri
567 2612 680 2658 adrerum
689 2613 797 2658 almare
807 2608 893 2658 imbuti
902 2613 978 2664 aare,
993 2613 1017 2656 rt
1027 2607 1135 2656 exerciti.

202 2847 347 2898 Semta-s
363 2854 371 2876 ‘
383 2848 426 2896 ltin
439 2849 502 2898 Mar.
514 2849 638 2898 nonnulli.
666 2847 754 2912 Atque
762 2849 799 2898 ric
807 2848 869 2897 aliar
880 2848 950 2911 loqui
961 2853 1030 2896 aurat
1041 2846 1139 2904 Liuius,
1150 2847 1199 2896 uiri
1210 2847 1296 2897 forsan

201 2911 234 2958 ad
247 2911 380 2959 vitandam
391 2911 509 2974 quintum
525 2914 674 2966 ablativum,
688 2921 745 2974 pmt
763 2909 897 2975 ‘impetra'
914 2912 1055 2973 ‘concilim’
1065 2912 1170 2974 ‘signis'
1188 2920 1216 2960 et
1233 2917 1296 2974 ‘ag-

201 2974 287 3030 mine'
299 2977 323 3022 lr.
335 2977 351 3023 Ι.
362 2975 476 3036 gentum
487 2990 547 3024 arur
559 2976 612 3025 rit.⁸
629 2975 723 3024 Stroth.

234 3041 266 3086 tc
283 3039 431 3100 legendum
445 3047 531 3088 monet
541 3039 568 3090 J.
582 3039 611 3088 F.
629 3039 742 3088 Gronov.
754 3039 780 3087 r'rr
791 3042 937 3099 conspertum
947 3042 1052 3097 murra,
1062 3041 1085 3085 et
1096 3049 1162 3083 arara
1172 3038 1294 3099 lignaque.

202 3105 265 3150 -lt
283 3101 378 3150 ‘Haud
391 3102 488 3152 minare.
505 3104 588 3165 Vulgo
607 3104 633 3150 tn
650 3103 768 3152 omnibus
788 3103 851 3151 lta.
868 3100 1231 3160 etEdd.raiarrperpera1u.
1263 3100 1296 3148 la

202 3179 253 3214 nac
271 3179 333 3215 uera
350 3175 390 3214 ert
408 3165 471 3214 rur
486 3166 562 3215 mirer
579 3166 629 3227 qius
647 3167 678 3216 ab
694 3165 758 3216 adr!
776 3165 877 3216 Stroth.
909 3165 1005 3213 Minore
1020 3163 1066 3212 dat
1086 3163 1297 3227 ufey-sigim.-

690 3308 799 3360 NOTAE

201 3405 727 3470 abiectailritrrrrdiarrr‚autirrperisraat·
768 3402 887 3466 ticipicra
913 3401 1081 3453 murtena·
1107 3401 1296 3466 adstruatque
1375 3463 1385 3480 1

201 3495 245 3543 qur
262 3480 387 3539 hermem
403 3487 445 3531 aut
463 3481 504 3530 abt
519 3481 650 3541 restitaret,
666 3493 728 3527 arar·
767 3479 910 3528 membrum
920 3477 1103 3540 explicanda·
1113 3493 1122 3538 ;
1134 3491 1227 3541 nempe
1235 3478 1296 3527 nibil

201 3560 257 3618 tem,
278 3555 304 3604 rrr'
325 3561 467 3619 sequeretur,
487 3557 661 3605 dematiartrr.
695 3555 727 3603 ln
767 3553 956 3613 mediumrerl,
972 3552 1162 3616 antlmperianr
1173 3546 1206 3602 'et
1218 3555 1297 3602 bana·

201 3631 282 3693 priori
294 3631 408 3679 membro
426 3631 517 3680 deesse
536 3629 642 3693 aliquid,
653 3628 679 3676 in
691 3631 727 3680 al·
767 3644 832 3686 rem,
849 3637 903 3689 ert,
924 3629 946 3678 ri
965 3629 1107 3684 resisteret.
1126 3638 1235 3678 martem
1252 3629 1301 3678 tle·

202 3713 413 3767 ter-crupereme.
447 3703 727 3769 ltaquericreatltuit,
767 3706 929 3754 nuntianter.
974 3764 978 3776 ·

201 3793 231 3830 rrt
250 3781 361 3830 hebetur
378 3782 405 3829 in
425 3789 560 3830 contextu.
591 3779 644 3830 Sed
665 3793 729 3842 quc·
799 3785 813 3812 ¹
833 3777 881 3828 vlt
895 3778 1000 3841 prinam
1017 3778 1044 3826 ia
1065 3782 1218 3839 compertum,
1241 3775 1295 3841 {er-J

119 3863 124 3871 '
200 3856 269 3906 niem
286 3863 314 3904 et
326 3855 442 3906 ordinem
458 3856 595 3905 verberum
611 3855 728 3912 invertit,
769 3855 830 3905 Non
848 3854 913 3902 abeo
934 3853 1090 3902 uGronorii
1109 3853 1239 3912 lectione;
1255 3851 1296 3901 abi

200 3940 228 3982 et
237 3933 261 3980 rt
271 3931 334 3994 legit
345 3947 391 3995 pro
399 3933 575 3997 ai'requeretar,
585 3931 652 3994 qaod
664 3931 728 3980 nihil
767 3930 795 3978 irr
807 3933 954 3990 rampertus
969 3931 1075 3988 mlum,
1090 3931 1113 3974 et
1133 3940 1199 3976 crura
1213 3927 1296 3990 rigna·

200 4006 270 4056 aliud
290 4013 331 4055 ert
348 4021 425 4070 quam
447 4005 487 4054 abi
508 4007 642 4063 restitaret,
656 4006 738 4068 priuc-
767 4008 873 4070 quade.

200 4079 264 4132 tttad
283 4089 405 4144 tauquam
423 4077 590 4144 superfluam,
601 4088 628 4127 et
644 4079 728 4142 expli·
800 4089 812 4124 r
829 4075 956 4138 Omnibus]
972 4075 1083 4141 Utrique
1092 4077 1230 4135 exercitui,
1242 4086 1298 4132 tam

200 4154 285 4206 canda
301 4155 379 4205 alteri
395 4154 427 4205 ad
440 4157 581 4216 marginem
592 4155 727 4214 insertum,
768 4155 859 4218 llamr,
871 4169 946 4220 quam
958 4169 972 4205 e
985 4155 1085 4206 Volscis
1097 4157 1225 4209 venienti.

201 4233 291 4284 rolens
301 4231 450 4286 deleverim.
477 4229 577 4282 Sufficit
589 4233 656 4280 euim
668 4243 727 4296 put·
805 4247 808 4252 ·
