3150 4942
298 407 363 474 972
769 417 804 466 τ.
828 417 925 464 urvtr
1026 387 1031 394 ’

296 568 467 648 increpare
482 561 604 645 singuli
617 561 811 643 aequisque
824 564 859 623 et
874 559 971 633 alios,
983 563 1019 620 ct
1032 557 1220 621 adhortatio
1233 556 1268 620 iu
1280 558 1388 622 vicem

298 673 403 730 tutam
419 666 521 729 alacri
537 665 682 728 clamore
697 663 846 743 pervasit
859 661 977 724 aciem.
1006 657 1127 742 Neque
1141 658 1224 721 alter
1236 658 1390 720 tribunus

297 768 346 829 rei
360 765 481 844 defuit;
506 765 577 841 aad,
589 762 711 851 missus
727 780 748 824 a
763 761 892 841 collega
908 758 1104 823 restituente
1117 759 1264 842 peditum
1279 759 1389 822 aciem

297 865 341 930 ad
356 866 496 948 equites,
511 883 578 927 nnn
593 860 828 944 castigunde,¹⁰
837 857 896 944 (ad
910 877 1010 942 quam
1025 879 1094 922 rem
1109 859 1264 922 leviorem
1275 866 1390 920 aucte-

295 985 364 1030 rem
379 985 454 1030 eum
469 966 577 1048 culpae
594 965 739 1028 societas
753 961 904 1040 iecerat)
917 961 976 1024 sed
1000 963 1044 1024 ab
1067 959 1207 1042 imperio
1230 965 1322 1022 totus
1343 958 1386 1022 ud

294 1085 413 1148 preces
432 1085 563 1140 versus,
587 1083 683 1129 orare
706 1064 854 1144 singulos
878 1063 1128 1144 universosque,
1152 1064 1214 1123 ‘ut
1228 1078 1279 1135 ae,
1295 1077 1387 1124 reum

293 1166 436 1232 sonuum
451 1167 525 1249 ejus
540 1167 617 1243 diei,
632 1165 769 1228 crimine
784 1163 974 1226 eximerent.
1018 1160 1196 1225 Abnueute
1217 1179 1258 1223 ac
1278 1158 1388 1240 prehi-

294 1268 393 1332 bente
422 1267 561 1348 collega,
589 1265 816 1329 temeritatis¹¹
843 1282 896 1326 me
922 1263 1071 1326 omnium
1099 1261 1214 1345 potius
1242 1259 1386 1335 socium,

294 1386 394 1450 quam
412 1367 509 1429 unius
524 1365 719 1446 prudentiae,
734 1362 830 1430 dedi.
874 1362 1038 1426 Camillus
1059 1363 1096 1426 iu
1117 1368 1259 1442 utreque
1275 1365 1387 1422 restra

292 1466 423 1530 fortuna
436 1484 529 1528 suam
542 1464 680 1545 gloriam
693 1463 801 1542 ridet3
816 1483 891 1544 ego,
903 1465 938 1549 ni
953 1463 1136 1528 restituitur
1145 1479 1270 1544 pugna,
1280 1459 1388 1542 (quod

293 1565 514 1630 miserrimum
535 1569 609 1642 est,)
634 1565 800 1628 fortunam
815 1583 893 1627 cum
909 1564 1076 1638 omnibns,
1096 1561 1267 1626 infamiam
1290 1559 1387 1622 solua

292 1664 495 1750 sentiam.’¹²
540 1663 713 1746 Optimum
730 1665 840 1728 visum
856 1671 921 1740 est,
942 1665 979 1726 in
1000 1663 1220 1728 fluctuantem
1245 1661 1386 1723 aciem¹¹

292 1765 377 1830 trudi
402 1762 532 1847 equos,h
555 1769 589 1828 et
611 1763 757 1847 pedestri
781 1763 1092 1829 inuaderehostem.
1137 1763 1225 1827 Eunt
1238 1762 1387 1842 insignes

751 1907 931 1931 mmo

292 1998 366 2043 neat
381 1995 407 2042 ia
423 1993 520 2043 mear.
553 1993 614 2043 vid.
625 1992 672 2041 inl.
690 2001 716 2042 et
730 1994 793 2043 Nat.
808 1994 935 2043 Vsa-re
951 1993 1124 2044 ‘Ausculutlri
1137 1993 1256 2056 quedam
1274 1991 1386 2053 species·

292 2056 348 2106 Aut
359 2059 430 2121 aequi
443 2057 555 2106 debebat
567 2066 633 2168 quet
650 2059 691 2105 sed
702 2057 772 2106 alind
784 2057 947 2121 gerundium,
963 2067 1009 2106 aut
1027 2073 1073 2122 pre
1090 2059 1229 2118 udiendo
1245 2055 1387 2104 infinitivus

291 2123 418 2184 castigare,
432 2129 458 2169 ut
471 2135 564 2183 respon
584 2130 642 2171 eret
651 2121 687 2181 τῷ
697 2135 774 2180 mure,
787 2122 975 2185 requirebatur.
1007 2122 1158 2184 cujusmodi
1174 2121 1278 2169 lieentia
1290 2121 1386 2169 cundo-

291 2185 377 2234 nanda
398 2185 483 2246 petius
500 2187 629 2246 scriptori,
647 2200 722 2248 quam
740 2199 786 2246 pru
803 2187 934 2248 elegantis
951 2185 1115 2235 venditanda.
1149 2185 1205 2234 Nisi
1223 2183 1292 2233 ferte
1304 2185 1387 2242 malis,

292 2251 403 2296 alterum
416 2248 567 2308 urembrnus,
577 2249 713 2308 castigando
725 2250 882 2311 oppositum,
892 2264 958 2311 esse,
969 2255 1033 2298 tutas
1042 2251 1074 2298 ad
1082 2264 1162 2312 precer
1171 2262 1252 2296 serrae
1259 2264 1268 2303 ,·
1285 2255 1313 2296 at
1322 2257 1386 2296 tune

292 2310 359 2360 haud
377 2311 442 2359 bene
460 2313 612 2361 conveniret
629 2312 765 2372 enrtiguadu
775 2312 862 2361 erare!
878 2314 1039 2362 strete-ll
1058 2314 1135 2360 ‘Nou
1147 2313 1230 2360 minna
1242 2321 1313 2359 reete
1322 2311 1348 2358 in
1360 2315 1385 2358 8.

291 2375 358 2422 Mas.
369 2375 463 2436 legitur
475 2375 615 2434 temeritati,
633 2377 700 2437 qued
712 2377 811 2437 recepit
823 2376 932 2424 Stratis)
951 2375 1114 2437 Rupertelt
1136 2375 1185 2424 ‘lu
1197 2376 1312 2424 Floreat.
1327 2374 1386 2422 ced.

292 2438 396 2486 additur
411 2437 524 2497 curatam,
536 2437 603 2498 qnod
615 2445 686 2486 certe
699 2452 747 2487 nou
760 2441 791 2487 ad
805 2439 955 2500 precedens
966 2454 1066 2488 cemma
1076 2437 1256 2489 referendum:
1275 2453 1386 2502 namque

290 2501 353 2549 sulus
364 2515 414 2549 uun
431 2509 483 2548 taur
495 2500 527 2548 ad
539 2515 625 2558 eruum,
641 2515 716 2563 quarn
733 2502 766 2550 ad
784 2503 919 2552 Camillum
937 2504 1061 2567 collegam
1078 2501 1199 2563 refertur,
1214 2503 1286 2565 cujus
1298 2504 1386 2564 gton'ae

291 2563 523 2689 uerterit
537 2564 1403 2680 lietu*⁵.tt·.·‘.'·:.:tu³¹'uu.·¹“uuinureretur-

292 2692 399 2740 alterurn
411 2663 534 2747 reiteres,
545 2693 588 2755 qui
600 2693 805 2754 interpretantur
816 2695 881 2744 trudi
891 2710 961 2758 equus
971 2709 1007 2743 sc.
1025 2695 1083 2742 lixis
1095 2709 1115 2742 s.
1126 2695 1268 2751 calonibus,
1285 2693 1325 2742 rel
1338 2693 1385 2742 itu·

291 2755 360 2802 mitri
373 2754 484 2816 equites,
496 2763 521 2803 et
535 2756 574 2803 uel
581 2757 697 2818 jungunt
708 2757 820 2818 eptimam
830 2760 950 2808 visumst
960 2757 1149 2820 inflectentes
1158 2759 1240 2815 adeas,
1250 2758 1276 2806 lr.
1287 2771 1311 2805 e.
1323 2771 1384 2806 cun·

291 2825 333 2867 trs
344 2831 409 2872 esur,
421 2818 489 2881 qued
500 2818 533 2867 sd
544 2833 599 2866 esur
611 2821 798 2870 restituendam
806 2821 862 2871 fieri
874 2823 954 2883 pessit
975 2825 1016 2870 vel
1027 2822 1180 2887 legijubcur
1193 2822 1383 2885 iaterflsrtssaa·

290 2886 336 2930 tear
353 2882 436 2943 aciem,
454 2888 499 2930 arrt
510 2882 536 2929 ia
543 2882 679 2956 fissetuuats
693 2885 752 2944 acie,
769 2887 828 2934 dum
847 2887 927 2936 ireres
943 2859 1103 2950 linctuatque
1121 2887 1240 2947 ambigua
1253 2887 1383 2949 utrimque

290 2945 368 3000 aclea.
379 2955 511 3007 seucum,
522 2959 577 2995 acre
595 2945 727 3008 inclinare,
741 2948 797 3011 jeus
815 2947 940 3000 fluctuare
957 2950 1101 3014 inciperent
1119 2958 1147 3001 et
1163 2950 1261 3000 turbari
1270 2950 1383 2999 ordines.

784 3077 890 3126 NOTAE

322 3167 335 3201 ¹¹
351 3169 544 3232 influctsauteus
558 3171 634 3220 ncieas
650 3172 716 3219 tradi
734 3169 817 3232 equus]
858 3178 931 3223 terea
942 3173 1012 3223 aliud
1033 3174 1077 3224 ‘iu
1090 3174 1189 3237 aclem,’
1207 3173 1277 3222 aliud
1295 3171 1383 3220 ‘inter

290 3243 405 3293 Laborat
415 3244 456 3292 hic
467 3243 611 3294 Glareanus
625 3245 695 3294 velut
712 3245 739 3293 in
759 3247 817 3294 loce
857 3249 956 3297 selem!
979 3249 1049 3301 Quid
1060 3250 1081 3298 si
1093 3250 1205 3314 legamus
1215 3247 1309 3297 traasds‘
1318 3251 1383 3310 eqss'·

289 3317 408 3374 obseura,
426 3331 474 3368 uec
485 3318 529 3368 abs
547 3332 582 3370 ra.
616 3319 732 3370 Gronov.
752 3321 817 3384 legit
856 3329 908 3373 test
925 3324 951 3373 id
970 3334 1021 3385 est,
1038 3327 1179 3375 transmirtl
1190 3325 1223 3374 ad
1235 3333 1382 3374 sustentau-

288 3393 606 3457 iaterflactaustearueiesa,
618 3397 693 3444 etsie
704 3397 814 3460 accipit:
856 3401 914 3450 darn
939 3401 1054 3464 pedestri
1082 3404 1225 3453 certamine
1247 3408 1382 3453 nutantem

288 3473 319 3518 nt
330 3467 390 3516 duur
404 3474 512 3532 utraque
522 3469 591 3518 acies
602 3469 683 3520 lueret
693 3469 816 3522 fluctuat·
857 3475 973 3538 peditum
992 3480 1091 3527 selem:
1109 3478 1187 3543 idque
1205 3479 1331 3542 optimum
1345 3479 1382 3527 si·

290 3541 477 3607 queembigua,
498 3543 624 3604 optimum
644 3543 716 3592 lactu
736 3546 816 3595 risum
856 3565 911 3599 smn
933 3553 964 3602 L.
985 3554 1072 3615 Furio,
1098 3556 1141 3604 cui
1161 3556 1294 3618 equitatus
1319 3568 1382 3604 eura

289 3617 333 3676 alt,
343 3616 364 3665 al
376 3617 479 3679 equites
488 3614 521 3663 ad
532 3617 610 3678 pedes
619 3617 816 3685 descenderent,
856 3625 984 3677 mandata.
1010 3629 1054 3678 Sic
1064 3633 1187 3679 traasdere
1195 3630 1320 3680 dixerunt
1332 3631 1382 3678 Ve-

288 3705 420 3755 equcsqne
438 3703 495 3738 suna
512 3691 647 3743 traderent
663 3695 738 3744 lisia:
756 3712 817 3747 vera
857 3708 927 3749 teres
947 3717 998 3752 nun
1016 3705 1098 3753 solum
1110 3718 1166 3766 pru,
1183 3704 1298 3766 tradere,
1312 3705 1381 3768 quod

287 3769 343 3816 aine
363 3765 443 3815 dnbio
466 3767 609 3816 sententie:
629 3776 657 3818 at
679 3783 711 3818 aa
732 3771 816 3820 verbis
856 3774 1075 3840 lrlncdaducrurn,
1092 3780 1137 3829 sed
1150 3795 1206 3845 pre,
1223 3779 1381 3831 transferre:

289 3841 539 3904 persirnespreass.
565 3840 643 3905 Apud
656 3845 814 3910 Virgilqni·
855 3848 960 3898 Terent.
983 3853 1008 3900 iu
1032 3854 1138 3904 Plscrm·
1163 3856 1263 3919 proleg.
1280 3860 1382 3906 ‘retra-

289 3917 347 3964 dern
360 3917 468 3966 Camilla
486 3917 611 3966 ‘incensa
626 3919 714 3969 delere
724 3922 816 3971 Tradit
854 3923 916 3972 here
927 3940 943 3975 a
955 3928 1051 3988 studio,
1067 3938 1096 3977 et
1109 3931 1243 3980 transdere
1255 3932 1381 3981 huminem

289 4004 383 4054 equum
401 3992 488 4040 comiti
500 3991 517 4041 ε’
532 3992 578 4042 sed
591 3994 696 4045 ‘comiti
716 3997 814 4046 tradit'
855 3999 992 4051 tuoriumss
1007 4003 1049 4052 lta
1057 4004 1095 4052 usi
1103 4015 1162 4055 stunt
1171 4005 1311 4057 Sallust.et
1318 4009 1380 4056 Tac.

289 4066 663 4127 neuiruperanuaiiter,uthic.
686 4071 814 4123 Et‘scies
887 4075 919 4124 la
927 4075 1086 4138 stsetausteas
1101 4080 1187 4144 ucieu]
1213 4083 1296 4132 Recte
1314 4083 1380 4130 Grn-

289 4137 427 4189 lluetuans'
439 4154 488 4189 uun
498 4143 584 4204 plurea
595 4147 671 4208 scies,
682 4147 726 4195 sed
737 4162 813 4197 urnam
854 4163 914 4200 nor.
922 4152 1381 4216 interflurtusateusaeiua,sedruiruus

289 4213 426 4278 significat,
439 4209 725 4271 Rornanorumscilicet.
742 4221 815 4273 Ρη·
855 4234 895 4275 eat
914 4230 1016 4290 equites
1035 4230 1167 4293 peditibus
1187 4241 1312 4298 aquatus,
1333 4234 1384 4282 nisi
