3150 4942
340 402 427 473 lost
810 420 844 467 u.
870 418 964 469 mnu

341 561 563 645 compellens,
579 560 692 640 ‘Quid
709 561 796 629 ultra
809 561 941 638 moror,’
956 563 1073 647 inquit,
1086 560 1277 628 ‘familiare
1291 561 1417 627 fstnui⁰

343 666 467 729 Datum
491 664 556 729 hoc
577 670 690 729 nostro
709 664 901 747 generiem,
917 672 956 729 ut
970 665 1103 729 luendis
1117 663 1283 748 periculis
1298 665 1417 746 publicis

340 766 477 851 piscule
492 768 609 831 simus.
651 765 674 829 J
677 785 730 829 am
745 786 807 849 ego
822 786 953 830 mecum
969 766 1115 831 bostium
1130 767 1284 850 legiones
1294 775 1419 832 mactae

341 870 405 933 das
431 867 558 933 Telluri
583 886 624 931 sc
653 867 729 929 Diis
755 865 917 931 Manibus
939 866 1074 929 dahel?
1117 868 1214 931 Haeo
1236 868 1364 931 locutus
1381 865 1419 929 lt.

343 970 475 1033 Livium
505 967 711 1051 pontificem,
737 986 849 1051 quem,
875 967 1084 1033 descendens
1111 970 1144 1033 in
1172 969 1296 1043 eciem,
1317 965 1420 1048 digredi

341 1081 494 1137 vetuerat
516 1072 559 1136 sb
581 1090 630 1146 se,
646 1070 764 1153 praeire
775 1069 882 1151 jussit
897 1070 1011 1145 verbe,
1027 1070 1152 1151 quibus
1169 1090 1211 1133 se
1229 1069 1419 1149 legionesque

341 1170 487 1237 bostium
505 1191 565 1255 pro
578 1172 726 1235 exercitu
749 1171 867 1253 populi
882 1170 1027 1235 Romani
1048 1170 1235 1249 Quiritium
1259 1170 1420 1233 desereret.

343 1274 497 1339 Devotus
511 1274 589 1337 inde
605 1273 721 1337 eedem
735 1273 926 1353 precatione
937 1272 1119 1358 codemque
1129 1273 1261 1349 babitu,
1274 1276 1419 1353 quoprter

342 1375 383 1439 P.
400 1375 529 1439 Decius
550 1374 593 1440 ed
615 1374 767 1439 Veserim
791 1372 882 1438 bello
903 1373 1023 1439 Latino
1044 1394 1082 1439 se
1100 1374 1256 1459 jusserat
1274 1370 1418 1437 devoveri.

342 1476 427 1543 Cum
451 1476 634 1542 secundum
658 1477 814 1541 solennes
838 1476 1047 1559 procationes
1068 1475 1264 1559 adjecisset,
1287 1479 1374 1556 ‘pre
1391 1488 1419 1534 se

342 1599 438 1661 egere
462 1598 534 1643 sese
556 1578 766 1643 formidinem
792 1597 834 1641 ac
855 1578 980 1661 fugem,
999 1577 1198 1659 caedemque
1218 1596 1261 1641 ac
1283 1591 1420 1645 cruorem,

341 1678 546 1756 coelestium,
559 1678 757 1743 inferorum¹
784 1681 870 1759 ims3
895 1685 1127 1767 contacturum
1147 1679 1339 1743 funebribus
1353 1674 1418 1737 diris

341 1780 459 1860 signe,⁰
484 1780 561 1856 tole,
578 1798 671 1843 armo
690 1778 860 1859 hostium3
882 1780 1060 1863 locumque
1081 1781 1226 1845 eundem
1247 1798 1316 1843 suoe
1334 1772 1418 1859 pestis

342 1886 376 1943 et
391 1878 564 1945 Gallorum
580 1899 621 1943 ao
637 1880 837 1945 Samnitium
854 1879 925 1945 fore
935 1877 961 1959 ς’
982 1881 1054 1945 baec
1068 1887 1253 1947 execratus
1267 1880 1302 1941 in
1312 1896 1346 1939 sc
1358 1876 1417 1938 nos

341 1990 471 2066 terque,
488 2000 557 2064 qua
572 1974 850 2047 confertissimum
866 1982 1025 2047 cernebat
1040 1980 1216 2045 Gallorum
1231 1980 1346 2052 eciem,
1358 1993 1419 2039 con·

343 2084 425 2147 citat
446 2102 586 2165 equum:
607 2084 816 2165 inferensque
837 2102 876 2147 se
897 2084 970 2165 ipse
983 2083 1113 2147 infestis
1129 2083 1208 2147 telis
1222 2087 1277 2146 est
1289 2076 1417 2143 interfec-

343 2190 409 2247 tus.

384 2284 438 2349 29.
462 2281 532 2347 Vix
553 2283 708 2349 homenes
730 2284 808 2348 inde
833 2286 908 2369 opis
933 2285 1037 2349 videri
1064 2304 1177 2368 pugna
1203 2282 1322 2368 potnit.
1361 2276 1416 2341 Ro·

342 2386 444 2461 mani,
460 2384 547 2449 duce
564 2387 698 2462 emisso,
721 2406 800 2468 quse
814 2405 867 2450 res
881 2388 993 2453 terrori
1010 2386 1096 2450 elias
1111 2406 1190 2450 esse
1205 2387 1305 2461 solet,
1318 2382 1415 2445 sistere

342 2490 466 2571 iugem,
493 2508 534 2553 ac
567 2508 702 2563 novam,
719 2490 761 2555 de
790 2490 920 2573 integro
952 2490 1037 2555 velle
1067 2492 1254 2557 instaurare
1284 2503 1415 2570 pugnam

342 2590 447 2665 Galli,
460 2594 494 2651 et
508 2590 654 2652 maxime
669 2591 787 2670 globus
807 2592 1029 2655 circumstans
1041 2592 1191 2656 consulis
1204 2608 1335 2675 corpus,
1346 2584 1415 2650 velut

300 2758 306 2771 ,
342 2690 488 2753 alienata
510 2693 629 2763 mente,
656 2708 741 2752 vena
760 2690 931 2755 incassum
940 2690 1071 2773 jactare
1086 2693 1164 2757 tela.
1207 2684 1416 2773 Torporeqni·

341 2791 431 2867 dam,
456 2796 490 2855 et
515 2808 578 2853 nce
600 2806 721 2873 pugnes
745 2792 950 2869 meminisse,
975 2812 1036 2857 nec
1060 2794 1158 2875 fngse.
1201 2793 1252 2858 At
1273 2810 1314 2855 ex
1338 2792 1413 2871 perit

343 2894 450 2958 eltera
474 2889 629 2974 pontifex
644 2891 771 2971 Livius,
786 2894 843 2959 cni
857 2894 994 2959 lictores
1010 2894 1138 2959 Decius
1155 2896 1341 2969 tradideret,
1356 2888 1415 2971 jur

341 3092 385 3209 25:
401 3086 434 3137 Se
445 3087 554 3136 tristibus
566 3086 651 3146 furiis,
670 3102 699 3137 ur
709 3087 816 3147 smmis
833 3088 1023 3139 execrationibus
1032 3090 1180 3143 ircoetrrarr
1187 3094 1314 3157 mirisa
1323 3083 1413 3142 isit*

804 3230 907 3249 'mou
910 3229 985 3251 ”000

372 3331 404 3375 2⁰
422 3326 540 3377 Malebat
552 3328 624 3378 Dnlr.
635 3328 855 3391 carpentisque-l
874 3330 937 3380 Vet.
949 3330 994 3380 lib.
1005 3332 1204 3397 infernumque.

838 3492 945 3543 NOTAE

374 3590 386 3615 ⁰
409 3582 541 3631 Familiare
561 3586 656 3648 satam]
690 3587 760 3635 Vere
788 3586 872 3639 fatum
914 3590 972 3639 Diis
983 3591 1101 3641 manibus
1112 3607 1141 3643 re
1150 3589 1325 3645 devorerunt.¹
1351 3575 1409 3633 0¹⁰¹

342 3658 471 3724 quoddam
481 3656 562 3709 fuisse
573 3660 713 3711 Deciorum
726 3670 755 3712 ut
771 3678 818 3726 pro
828 3679 872 3727 pa·
914 3666 1011 3715 Derim
1023 3675 1100 3730 pater
1117 3669 1187 3731 apud
1206 3670 1350 3720 Ciceronnn
1357 3654 1411 3709 wls

343 3738 394 3786 tria
416 3744 497 3787 certos
520 3735 596 3784 morti
618 3744 698 3799 ceput
715 3737 872 3801 objicerent.
912 3742 1015 3791 Gallico
1026 3744 1158 3793 interiisse
1168 3744 1276 3805 (licitur,
1290 3737 1350 3806 apud
1358 3734 1411 3784 tiu·

344 3814 459 3863 Notatur
470 3820 523 3863 tum
537 3810 569 3862 ab
581 3811 646 3872 aliis.
658 3820 711 3861 tum
722 3828 738 3861 a
749 3815 807 3863 Cic.
824 3815 871 3863 lib.
912 3825 981 3866 trum
1003 3816 1036 3866 ad
1059 3819 1153 3868 bellum
1183 3819 1304 3869 adversus
1327 3810 1409 3865 latim

344 3902 364 3939 r.
380 3888 536 3940 Tusculubl
549 3889 597 3951 all,
614 3889 696 3937 ‘Tres
714 3888 810 3937 Decios
830 3888 870 3939 fn·
911 3892 1034 3941 refertur.
1063 3895 1140 3943 Nunc
1152 3893 1220 3945 lilios
1236 3896 1304 3945 bello
1313 3889 1409 3941 ΜΝ

342 3966 445 4029 insequi
458 3979 505 4029 pro
513 3966 595 4015 sulrte
608 3965 700 4028 patrios
710 3966 787 4015 rilem
795 3966 870 4015 amit·
909 3968 1001 4019 tlsllor
1011 3977 1091 4033 atquc
1102 3972 1267 4032 Etruscum
1276 3964 1379 4021 devereb

343 4046 400 4089 tere
422 4053 514 4101 magno
534 4041 637 4089 virtutis
657 4040 729 4091 edito
751 4043 870 4106 exemplo
942 4052 955 4087 Ρ
973 4045 1062 4095 Telluri
1071 4061 1099 4095 rr
1109 4046 1165 4097 Diis
1176 4047 1288 4097 Mercibus
1296 4038 1356 4102 frit]
1370 4028 1409 4083 Εἰς

344 4115 486 4163 voluerint:
516 4128 549 4163 ex
576 4116 668 4179 quibus
701 4124 775 4179 puter
803 4118 870 4169 bello
911 4118 1408 4175 omnirredererendiritmcrlibdlfl·

344 4192 453 4255 Gallico,
463 4193 531 4243 filius
542 4194 662 4257 Etrusco,
673 4197 791 4257 nepesin
803 4196 873 4247 belle
912 4210 936 4248 e.
948 4201 988 4258 lb.
999 4198 1214 4261 repetendorum.

345 4268 449 4331 Pyrrhi,
466 4269 532 4333 quod
551 4284 598 4333 pro
619 4270 765 4321 Tarentinis
781 4274 871 4335 gessit,
