3150 4942
550 436 622 483 ern.
646 435 685 483 x.
710 436 792 483 cer.
814 420 865 485 lo'.
1166 422 1252 489 1829

163 580 288 661 fugisse
310 596 387 641 eum
403 575 470 660 Ap.
484 576 662 642 Glsudium
678 578 853 661 collegam,
868 580 1059 663 eloquentia
1080 581 1251 648 civilibus·

164 700 230 763 que
246 680 371 743 artibus
385 676 474 742 haud
490 678 590 743 dubie
603 686 829 761 prestantem.

207 782 259 845 ltt
281 780 438 845 Comitiis
460 778 626 862 perfectis,
640 786 770 845 veteres
793 780 949 845 consules
964 781 1056 865 jussi
1072 783 1195 847 bellum
1217 785 1252 849 in

165 880 301 945 Samnio
320 898 445 961 gerere,
460 884 637 961 prorogato
650 881 685 943 in
706 898 768 943 sex
787 898 916 945 menses
934 882 1087 965 imperio.
1130 881 1252 966 ltaque

163 981 350 1064 insequenti
370 998 504 1063 quoque
525 980 637 1056 anuo?
656 979 697 1043 L.
714 978 903 1056 Volumnio,
922 980 990 1064 Ap.
1007 981 1150 1047 Claudio
1169 1002 1251 1047 con-

163 1082 305 1156 sulibus,
317 1080 361 1145 Ρ.
375 1080 512 1155 Decius,
526 1079 585 1162 qui
600 1078 718 1143 consul
732 1079 765 1142 in
781 1078 916 1144 Samnio
934 1070 1077 1146 relictus¹
1086 1102 1108 1145 a
1121 1082 1252 1165 collega

164 1180 280 1258 suerat,
294 1179 471 1263 proconsul
491 1178 580 1244 idem
599 1178 754 1261 populari
777 1198 845 1243 non
866 1180 994 1245 destitit
1013 1200 1124 1265 agros,
1146 1182 1251 1248 donec

164 1280 364 1345 Samnitium
387 1280 584 1356 exermtum,
602 1298 764 1362 nusquam
786 1300 824 1345 se
844 1280 961 1363 praelio
981 1284 1251 1360 committentem,

164 1389 331 1463 postremo
355 1379 490 1463 expulit
511 1377 657 1445 tinibus.¹
704 1379 865 1446 Etruriam
890 1382 980 1463 pulsi
1002 1386 1180 1466 petierunt,
1203 1394 1252 1461 et,

165 1482 255 1566 quod
281 1480 506 1563 legationibus
534 1481 756 1565 nequicquam
783 1501 876 1565 saepe
904 1489 1125 1560 tentaverant,
1148 1484 1185 1549 id
1214 1502 1252 1549 sc

165 1590 257 1649 tauto
278 1584 406 1666 agmine
427 1586 636 1662 armatorum,
656 1583 771 1648 mixtis
792 1588 912 1648 terrere
932 1585 1098 1667 precibus,
1120 1590 1253 1650 acturms

165 1682 330 1749 efficacius
351 1684 427 1761 rati,
440 1681 690 1766 postulaverunt
702 1684 889 1767 principum
904 1675 1047 1750 Etrurine
1061 1683 1252 1750 concilium.

166 1781 246 1862 Quo
270 1792 399 1862 cuncto,
419 1803 480 1867 per
504 1790 588 1867 quot
609 1802 713 1849 annos
735 1804 798 1868 pro
819 1786 973 1850 libertate
994 1784 1153 1851 dimicent
1173 1804 1251 1850 curu

166 1884 343 1963 Romanis,
365 1890 549 1967 exponunt.
591 1883 741 1949 ‘Omnia
764 1891 922 1968 expertos
947 1906 1033 1963 esse,
1056 1886 1086 1950 si
1113 1886 1252 1951 suismet

165 1986 314 2068 ipsorum
333 1983 461 2047 viribus
475 1982 617 2048 tolerare
631 1990 758 2049 tantem
772 1985 891 2049 molem
906 1986 987 2049 belli
1000 1993 1158 2067 possent:
1181 1991 1252 2049 ten·

165 2094 257 2149 tesso
270 2084 372 2149 etiam
386 2082 475 2148 haud
489 2083 598 2165 magni
613 2085 768 2149 momenti
782 2084 991 2150 finitimarum
1005 2085 1152 2167 gentium
1167 2103 1253 2151 anx·

165 2186 243 2250 ilie:
265 2184 388 2268 petisse
402 2200 519 2266 paoem
535 2202 555 2246 e
568 2183 695 2265 populo
709 2180 875 2261 Romarm
885 2204 962 2249 cum
975 2186 1097 2250 bellum
1111 2187 1252 2250 tolerare

164 2306 230 2351 uon
253 2290 411 2369 possent:
438 2284 633 2361 rebellasse,
657 2285 750 2368 qnod
771 2303 842 2368 pax
865 2286 1086 2350 servientibus
1108 2288 1252 2368 gravior,

166 2406 262 2470 qoem
282 2386 397 2451 liboris
419 2385 555 2462 bellum,
568 2393 670 2449 esset.
713 2384 825 2449 Unam
838 2385 904 2449 sibi
919 2404 1013 2469 spem
1032 2384 1195 2469 reliquam
1217 2388 1252 2451 in

166 2488 315 2555 Etruscis
341 2493 477 2553 restare.
530 2486 636 2563 Scire,
662 2494 796 2568 gentem
823 2486 933 2553 Italim
960 2486 1251 2570 opulentissimam

166 2588 277 2664 ermis,
302 2586 393 2665 viris,
419 2588 572 2671 pecunie,
591 2604 685 2651 esse:
709 2586 830 2651 habere
854 2588 990 2652 nocoles
1014 2586 1151 2671 Gellos,
1165 2587 1253 2653 iuter

165 2687 286 2753 serrum
313 2692 346 2752 et
369 2706 461 2753 nume
484 2694 593 2765 netos,
616 2686 744 2759 seroces
771 2706 848 2753 oum
873 2694 993 2771 suopte
1013 2686 1157 2770 ingenio,
1181 2695 1253 2754 tum

166 2788 325 2852 adversus
347 2786 534 2851 Remanmu
555 2787 772 2869 populum:¹⁹
793 2806 890 2869 quem
911 2796 1048 2870 captum
1064 2806 1086 2851 a
1101 2807 1138 2853 se
1153 2779 1252 2853 enro-

167 2907 231 2969 que
255 2888 465 2962 redemtum,m
488 2885 576 2950 heud
602 2904 687 2949 rann
705 2884 885 2969 jactantes,
911 2892 1100 2950 inemoreut
1155 2886 1252 2952 Nihil

167 2990 295 3065 abesse,
309 2988 339 3051 si
361 2988 407 3051 sit
427 2987 558 3051 numius
578 2984 739 3062 Etruscis,
754 2986 813 3068 qui
829 2986 985 3050 Porsenae
999 2985 1168 3069 quondum
1183 3007 1252 3052 me·

162 3087 360 3171 joribnsqno
378 3105 489 3151 eorum
507 3085 617 3162 suerit,
632 3084 712 3168 quin
730 3084 914 3163 Romanos,
929 3086 1017 3149 omni
1031 3104 1113 3167 agro
1128 3088 1179 3151 cis
1192 3088 1253 3152 Ti·

168 3188 268 3253 berim
285 3188 413 3272 pulsos,
428 3186 583 3251 dimicare
597 3204 658 3269 pro
673 3184 779 3251 seluto
804 3204 876 3263 sna,
890 3202 956 3250 non
978 3184 1021 3250 de
1044 3186 1252 3253 intolerando

200 3485 230 3530 lu
246 3481 253 3509 ‘
267 3480 338 3530 Flor.
348 3479 467 3529 ltom
476 3482 603 3543 pepetm
623 3493 702 3542 snper
718 3492 745 3529 os
758 3476 875 3543 rppoeito
885 3491 969 3528 scum
981 3478 1082 3529 lincoln.
1116 3479 1162 3531 rio
1175 3480 1255 3546 ferte,

166 3549 217 3593 tssr
228 3546 340 3593 edeam
351 3542 478 3607 Romam,
493 3559 561 3607 quern
568 3545 710 3607 peperunt·
724 3543 751 3595 J.
762 3544 792 3593 F.
802 3542 917 3592 Gronov.

654 3702 764 3755 nome

163 3798 258 3866 penti]
285 3798 454 3862 comparatos
476 3798 541 3850 ttett
564 3813 613 3863 pro
629 3814 690 3850 con-
726 3800 956 3852 etlevolumuiss
967 3802 1209 3853 Flrmrusvlolsus.

162 3875 277 3941 junctim
294 3874 356 3939 quis
366 3872 532 3935 mugistrutus
544 3874 623 3923 rtrum
643 3874 689 3924 tle·
758 3878 775 3909 Φ
791 3877 867 3928 Ml.
881 3878 980 3929 0461.

166 3957 302 4013 monstret,
321 3954 348 3998 et
365 3948 408 4011 qul
425 3948 689 4013 simnlurugistrstnm
761 3954 887 4016 ¹Espstit
896 3951 1001 4017 finitus]
1028 3952 1153 4017 Propriis,
1179 3955 1252 4007 ulni-

166 4031 270 4089 gernot‚
281 4036 368 4073 eornm
382 4022 490 4072 uirtutes
500 4036 531 4073 sc
542 4024 606 4073 ritis
621 4039 690 4075 conr·
728 4040 783 4076 rum
795 4027 902 4077 Samnii.

166 4102 252 4164 pareri
279 4112 384 4148 necesse
410 4104 459 4147 est.
501 4098 581 4148 Simul
604 4108 689 4150 sutem
758 4110 777 4137 ¹¹
801 4105 902 4163 &mun
919 4117 935 4150 u
952 4115 978 4151 ss
992 4116 1093 4164 meque
1111 4106 1253 4172 παραυ]

165 4176 322 4224 corrsulstnrn
345 4179 612 4237 genuussuum
638 4176 692 4239 Ap·
728 4174 1186 4240 Utsirlimuslib.v.cep·tt.ettc.

165 4250 223 4315 plns
245 4249 366 4299 Claudius
385 4256 475 4313 postes
487 4249 579 4300 Coecns
596 4250 691 4307 dlctns,
