3150 4942
335 414 420 481 loo-t
533 490 539 507 ι
805 426 839 473 τ.
863 424 956 473 srvit

334 574 474 656 priorem
491 569 598 635 eciem
613 570 785 651 extemplo
796 570 916 645 emisit,
927 567 1158 651 universisque
1173 567 1308 633 bostem
1322 572 1433 650 primo

334 674 462 755 impetu
487 672 613 736 viribus
638 671 783 753 impulit.
828 670 1004 734 Commota
1028 670 1176 751 pedestri
1200 671 1277 733 soie
1300 670 1432 735 Samni·

334 775 427 849 tium,
443 791 547 855 eques
568 772 604 834 in
627 790 772 854 pugnam
788 772 950 834 succedit.
994 771 1035 834 In
1049 770 1151 844 bunc,
1166 776 1362 835 beusterso
1377 790 1433 853 ng-

332 873 423 939 mine
450 874 532 937 inter
546 872 633 937 dues
657 872 747 937 ecies
771 892 809 935 se
831 872 1038 947 inferentem,
1060 871 1238 935 Romanus
1259 873 1433 955 equitatus

334 975 481 1040 eoncitat
503 992 629 1056 equos3
652 973 812 1054 signaque
836 979 873 1034 et
886 971 1027 1035 ordines
1042 971 1193 1054 peditum
1208 980 1314 1053 utque
1338 974 1434 1054 equi·

333 1082 401 1140 tum
417 1074 599 1150 confundit,
615 1073 722 1138 donec
736 1074 925 1137 universam
940 1073 984 1135 ub
999 1091 1040 1136 eu
1055 1080 1152 1153 purte
1167 1073 1292 1137 avertit
1310 1074 1432 1137 aciem.

334 1178 375 1242 In
398 1197 438 1241 eo
461 1196 564 1242 cornu
576 1195 643 1240 non
659 1174 825 1242 Poetelius
839 1175 945 1251 solus,
960 1174 1020 1237 sed
1036 1174 1208 1257 Sulpicius
1225 1176 1341 1252 etium,
1357 1176 1433 1239 bor·

334 1288 422 1344 tator
436 1277 586 1357 siluerat,
600 1281 738 1341 evectus
753 1277 797 1340 ab
810 1275 883 1339 suis
896 1274 1038 1341 nondum
1049 1274 1300 1339 conserentibus
1314 1294 1433 1339 munos

334 1380 376 1443 od
389 1379 580 1456 clamorem,
591 1379 635 1441 ab
646 1375 780 1441 sinistre
791 1382 884 1457 purte
894 1374 989 1458 prius
1002 1384 1167 1440 exortunr.
1212 1374 1327 1452 Unde,
1340 1376 1431 1440 bend

334 1482 468 1545 dubiem
486 1480 659 1543 victorium
683 1496 831 1553 cerneus,
857 1494 931 1540 cnm
955 1476 998 1539 ed
1014 1496 1123 1539 *soom
1151 1494 1255 1539 corun
1282 1477 1434 1541 tenderet

335 1601 413 1647 oum
428 1581 516 1645 millo
532 1579 684 1644 ducentis
700 1578 790 1654 viris,
808 1577 1002 1642 dissimilem
1014 1578 1075 1641 ibi
1094 1577 1262 1641 tortnnsm
1283 1578 1431 1643 invenit:

334 1680 509 1745 Roroenos
529 1682 608 1745 loco
629 1680 760 1762 pulsos,
775 1680 938 1744 victorem
951 1679 1082 1743 hostem
1096 1678 1190 1760 signu
1203 1678 1239 1740 iu
1254 1679 1433 1760 perculsos

335 1782 535 1847 inserentem.
579 1780 862 1848 Ceterumomnis
879 1780 1025 1845 mutarit
1043 1786 1179 1862 repente
1197 1780 1353 1844 consulis
1375 1780 1434 1845 ed·

334 1890 463 1947 ventus.
508 1880 541 1946 N
544 1901 597 1947 um
614 1889 649 1945 et
663 1887 846 1963 conspectu
860 1880 959 1944 ducis
970 1880 1115 1945 refectus
1136 1880 1278 1945 militnm
1292 1889 1347 1946 est
1361 1884 1433 1947 sni-

335 2002 428 2047 mus:
450 1990 493 2060 et,
518 1982 628 2067 majus
643 2002 741 2065 qnam
762 2002 823 2066 pro
845 1997 981 2046 numero
1004 1981 1181 2059 auxilium,
1201 1982 1433 2048 edreueruut⁶

334 2086 438 2149 sortes
466 2084 550 2148 viri:
573 2092 608 2149 et
634 2085 741 2167 partis
769 2084 905 2149 ulterius
928 2084 1073 2148 uictoria
1098 2083 1226 2160 audite,
1249 2102 1334 2149 mox
1354 2086 1433 2151 rius

335 2186 445 2262 etium,
473 2186 622 2267 proelium
651 2185 804 2250 restituit.
846 2184 937 2263 Toto
961 2184 1081 2249 deiude
1102 2184 1176 2267 jorn
1199 2185 1331 2249 vincere
1357 2188 1433 2251 scie

336 2286 523 2359 Romanus,
545 2291 590 2363 et,
604 2286 730 2351 omisso
753 2286 944 2363 certamine,
968 2286 1052 2351 coedi
1078 2286 1221 2369 capique
1242 2286 1432 2368 Sumuitoe3

335 2386 400 2449 nisi
416 2388 474 2469 qui
502 2386 738 2466 Maleventum,
764 2388 822 2452 cui
845 2405 933 2452 uuuc
957 2388 1032 2452 urbi
1055 2388 1286 2453 Beneventum
1307 2408 1433 2453 nomen

335 2494 411 2563 est,p
432 2489 651 2571 perrogemut.
694 2489 748 2557 Ad
764 2491 899 2573 triginta
912 2492 1017 2555 millis
1030 2510 1121 2557 cursa
1138 2499 1198 2557 eut
1216 2498 1320 2575 coptu
1333 2492 1432 2558 Sum·

334 2589 464 2664 uitium,
480 2589 646 2670 proditum
660 2591 829 2655 memoris
848 2599 914 2656 est.

377 2686 432 2751 28.
454 2687 631 2766 Consules,
656 2691 786 2771 egregio
813 2691 956 2757 victorie
980 2699 1086 2776 portu,
1108 2695 1259 2776 protinus
1282 2694 1362 2760 iude
1388 2697 1430 2760 ud

336 2788 547 2854 Bovianum‘¹
569 2790 828 2873 oppugnandum
846 2793 993 2876 legiones
1009 2794 1153 2858 ducunt:
1176 2795 1289 2877 ibique
1308 2796 1432 2879 hyber·
1546 2823 1547 2862 t

336 2908 381 2952 uu
396 2896 543 2971 egerunt,
558 2890 667 2954 donec
682 2893 724 2956 ab
739 2894 836 2957 novis
859 2897 1054 2960 consulibus
1072 2896 1109 2959 1..
1128 2896 1266 2979 Papirio
1280 2896 1431 2963 Cursore

336 2990 497 3072 quintum,
514 2990 554 3053 C.
567 2989 591 3053 J
594 2990 670 3054 onio
686 2991 841 3056 Bubulco
857 2996 1004 3074 iterum,·
1020 2998 1210 3059 nominatus
1229 2997 1375 3061 dictator
1389 2997 1431 3062 C.

336 3088 503 3155 Poetelius
518 3110 593 3155 cum
613 3090 664 3157 M.
681 3092 798 3157 Foslio
822 3084 980 3177 magistro
1002 3098 1150 3180 equiturn
1172 3098 1359 3163 exercitum
1372 3118 1430 3163 ao·

337 3193 436 3273 cepit.
482 3190 531 3269 Is,
541 3208 621 3255 cnut
632 3192 783 3259 audisset
798 3214 909 3260 arcem
921 3196 1146 3281 Fregellanum
1160 3201 1204 3263 ab
1219 3198 1430 3265 Samnitibus

793 3356 972 3379 mooun

335 3448 396 3496 Vid.
407 3449 470 3499 Not.
484 3450 593 3499 Vsu—5
611 3457 619 3480 ⁸
633 3452 745 3503 entatu
755 3456 808 3518 alil,
826 3456 894 3519 quod
910 3470 961 3507 nou
974 3456 1056 3507 miuus
1069 3456 1186 3509 rectum!
1203 3457 1333 3509 Crdo-b
1350 3461 1428 3511 Adue·

335 3516 403 3559 mot
414 3512 529 3563 Gronov.
540 3514 647 3578 Doojut.
657 3518 770 3567 Crevier.

829 3634 935 3686 Norlfi

368 3728 381 3762 r
397 3718 649 3771 Beneuentanum
659 3725 707 3788 est]
730 3724 861 3789 Antiquis·
902 3730 1038 3791 pollutum,
1048 3744 1106 3778 eom
1122 3744 1155 3779 eo
1168 3730 1427 3783 colonis-deducere·
1546 3715 1547 3754 t

336 3796 400 3846 tirus
421 3795 492 3859 orbs,
514 3804 606 3859 utpote
624 3813 681 3861 qun
700 3814 715 3847 u
732 3800 862 3853 Diomede
904 3804 1242 3855 turtub.uou.ll.c.tttt.
1275 3806 1427 3857 Hodie&-
1546 3849 1547 3858 ,

336 3872 478 3921 AEtoloruru
499 3886 560 3935 rege
580 3872 685 3921 conditu
705 3884 862 3926 premeretur
904 3879 1257 3944 mronrctteptsooperm
1274 3882 1352 3931 tltulc
1367 3896 1427 3946 gru·

335 3947 384 3996 rob
401 3947 496 3995 Troius
514 3955 638 4009 terupore.
672 3949 702 3998 lo
719 3951 862 4003 Samnitum
902 3954 963 4005 det:
980 3956 1177 4018 ingentirnlim,
1193 3958 1360 4021 nuneesiqui
1372 3960 1427 4008 Du·

337 4030 364 4071 et
377 4022 543 4083 Hirpinorum
561 4022 672 4073 confinio
684 4036 740 4075 erut
752 4028 783 4077 td
801 4042 862 4078 cou-
902 4038 976 4080 cetos
987 4039 1076 4094 ceput,
1088 4032 1131 4096 qul
1148 4034 1175 4081 in
1191 4032 1289 4083 ditione
1300 4035 1428 4084 Ecclesin

337 4096 448 4147 fluenter
464 4098 552 4147 Substi
575 4107 602 4147 et
623 4100 723 4150 Celeris
742 4105 863 4154 uirtutum.
889 4106 1036 4168 ,Romnum
1052 4108 1112 4156 licet
1128 4106 1197 4157 lutra
1213 4111 1285 4172 regui
1303 4110 1427 4174 Napeti-

338 4172 415 4221 Friur
434 4172 620 4234 Maleventum,
633 4184 734 4239 portes,
745 4180 861 4243 suspice·
902 4182 956 4231 teni
967 4182 1068 4231 limites.

338 4244 389 4295 tint
398 4254 496 4296 mutato
506 4248 618 4311 nornine,
627 4250 807 4303 Beneventum
817 4254 862 4318 u'p·
934 4263 947 4297 ⁸
963 4256 1197 4323 BonisnmJ·i'ide
1208 4259 1275 4310 infru
1284 4273 1344 4326 cop.
1353 4264 1395 4311 tl.
