3150 4942
333 412 420 479 115⁰
799 426 833 473 n.
858 426 951 475 urvrr
1021 429 1026 439 ·

332 574 428 632 natus
443 566 678 633 Fundanorum
691 569 853 634 occurrit:
878 574 1034 651 ‘negant
1049 587 1088 634 se
1103 588 1165 653 pro
1181 568 1348 636 Vitruvio
1362 590 1420 637 set·

332 674 468 751 umque
490 668 565 751 ejus
586 668 714 733 secutis
735 676 907 752 precatum
925 669 1069 747 venisse,
1090 671 1151 735 sad
1177 690 1247 753 pro
1272 672 1421 735 Fundano

331 768 480 851 populo;
501 789 602 852 quem
625 776 720 834 extra
742 770 878 853 culpam
901 772 982 835 belli
1000 790 1088 848 esse,
1103 775 1223 854 ipsum
1240 771 1422 835 Vitruvium

326 870 525 951 judicasse,⁵
550 890 624 935 cum
651 872 896 952 receptaculum
921 870 1009 952 fugae
1037 872 1239 936 Privernum
1268 872 1421 946 babuerit,

331 989 399 1035 non
423 972 565 1052 patriam
590 970 737 1035 Fundos.
781 970 934 1034 Priverni
956 971 1059 1052 igitur
1078 972 1196 1035 hostes
1221 972 1342 1054 populi
1363 970 1424 1033 Ro-

330 1072 421 1136 mani
444 1072 644 1155 quaerendos
667 1071 983 1153 persequendosque
1004 1091 1094 1149 esse,
1107 1073 1166 1154 qui
1188 1072 1297 1137 simul
1311 1091 1332 1134 a
1347 1068 1422 1133 Fun·

331 1172 426 1237 danis
440 1192 482 1236 ac
494 1172 671 1249 Romanis,
685 1173 857 1255 utriusque
871 1174 989 1253 patriae
1003 1173 1228 1250 immemores,
1243 1171 1422 1235 defecerint

331 1272 504 1337 Fundanis
519 1292 634 1356 pacem
650 1270 748 1335 osse⁶
761 1278 796 1336 et
809 1268 954 1335 animns¹
968 1271 1155 1349 Romanos,
1168 1278 1207 1335 et
1221 1278 1352 1355 gnatam
1364 1289 1420 1333 me

329 1374 469 1437 moriem
490 1378 639 1455 acceptae
661 1372 822 1436 civitatis.
866 1372 972 1435 Orare
994 1392 1031 1435 se
1051 1374 1241 1449 consulem,
1257 1378 1298 1435 ut
1312 1370 1421 1434 bellum

329 1473 373 1536 ab
395 1472 532 1537 innoxio
553 1472 679 1555 populo
700 1473 882 1537 abstineat:
905 1492 1013 1554 agros,
1025 1474 1153 1550 urbem,
1169 1490 1319 1556 corpora
1338 1472 1419 1553 ipso

328 1591 412 1649 rum,
427 1572 674 1656 conjugumque
695 1593 735 1638 uc
758 1574 939 1638 liberorum
961 1592 1107 1651 suorum,
1122 1575 1155 1638 in
1176 1576 1421 1657 potestatepo

327 1673 398 1755 puli
417 1670 562 1737 Romani
582 1693 657 1737 esse
674 1673 876 1757 suturaque!
920 1673 1131 1739 Collaudatis
1146 1673 1337 1748 Fundanis,
1350 1688 1420 1733 con·

327 1772 391 1850 aul,
408 1772 582 1856 literisque
597 1773 742 1839 Romam
757 1776 880 1852 missis,
894 1776 928 1839 in
943 1772 1055 1839 officio
1070 1774 1260 1839 Fundanos
1281 1790 1368 1846 csse,
1381 1766 1421 1831 ad

328 1871 524 1939 Privernum
546 1872 643 1949 flexit
666 1874 738 1938 iter.
793 1874 893 1939 Prius
915 1874 1180 1940 animadversum
1206 1878 1245 1939 in
1273 1892 1345 1947 eos,
1367 1866 1417 1950 qui

328 1974 444 2056 capita
464 1972 705 2057 conjurationis
730 1959 872 2050 luerunt,
895 1993 917 2037 u
938 1974 1078 2038 consule
1100 1976 1222 2040 scribit
1248 1971 1417 2039 Claudius:

328 2074 372 2139 ad
394 2080 560 2139 trecentos
586 2075 825 2158 quinquaginta
850 2092 895 2137 ex
920 2074 1101 2157 conjuratis
1123 2076 1259 2141 muetos
1286 2074 1418 2138 Romam

327 2175 473 2255 missos;
510 2194 653 2258 eamque
686 2175 887 2240 deditionem
917 2176 961 2240 ab
988 2182 1104 2241 senatu
1136 2194 1204 2239 non
1239 2176 1416 2255 acceptam,

328 2276 421 2359 quod
436 2278 599 2357 egentium
618 2283 720 2359 utque
733 2276 909 2339 humilium
922 2294 1027 2358 poena
1041 2275 1173 2357 defungi
1188 2275 1279 2342 velle
1295 2268 1416 2336 Funda-

327 2395 407 2439 num
422 2378 583 2460 populum
597 2379 799 2441 censuerint.

369 2476 423 2539 2⁰.
454 2476 651 2539 Privernum
680 2477 813 2544 duobus
843 2478 1078 2542 consularibus
1109 2478 1320 2543 exercitibus
1348 2487 1413 2535 cum

329 2574 547 2651 obsideretur,
577 2577 658 2640 alter
687 2578 803 2642 consul
830 2578 1039 2643 comitiorum
1068 2597 1174 2643 cansa
1201 2578 1347 2642 Romam
1372 2586 1412 2631 1⁶·

328 2680 475 2740 vocatus.
519 2675 678 2741 Carceres
705 2696 747 2741 eo
773 2686 891 2742 cirinom
918 2680 952 2742 in
977 2679 1089 2744 circo*
1119 2680 1265 2761 primum
1296 2666 1412 2741 statuti·

328 2900 396 2964 apud
409 2900 543 2965 Sigon—t
562 2902 603 2954 ΑΙ.
622 2904 799 2957 indicum-6
815 2907 876 2957 Ver.
897 2904 945 2956 lib.
962 2905 1032 2970 apud
1047 2906 1135 2970 Sigon.
1146 2906 1249 2957 Faadis.
1277 2894 1412 2967 licam·

328 2977 416 3017 monet
426 2968 488 3016 Fan.
497 2968 580 3020 Faber
591 2970 715 3021 Fundanis
725 2976 805 3021 uetera
814 2985 874 3021 esst.

763 3104 767 3117 '
821 3099 930 3150 ΝΟΜ

360 3192 505 3242 ¹Fuadusis
528 3209 609 3256 nucem
630 3209 687 3254 esse,
709 3201 733 3245 st
753 3196 856 3260 maros]
897 3194 980 3245 cendo
999 3207 1130 3245 carcerem
1150 3194 1275 3244 deducit:
1290 3186 1409 3265 additque,

327 3265 461 3317 Audacter
471 3282 517 3318 suo
528 3282 597 3317 more
608 3268 674 3320 Tau.
685 3270 775 3327 Faber,
784 3270 856 3321 nullo
895 3270 1099 3336 quandolocum‚
1108 3271 1193 3333 inquo
1201 3257 1410 3339 servanturnoaiq

327 3340 417 3391 codice
433 3342 546 3405 laudato,
563 3344 617 3393 sire
633 3346 803 3409 scripturire
816 3352 855 3409 ty·
894 3346 1076 3411 significamus,
1094 3358 1223 3395 carcerem
1249 3348 1346 3393 tanturn
1364 3332 1408 3381 δῖα

327 3416 367 3479 pis
379 3417 460 3479 edito,
480 3418 558 3481 istud,
570 3420 615 3481 uit,
631 3435 713 3481 mesa
730 3422 793 3470 nibil
804 3430 854 3470 est.
893 3436 999 3472 numero
1025 3420 1166 3483 singulari:
1195 3430 1314 3468 carceres
1333 3417 1407 3459 affl

328 3492 407 3557 Lege,
420 3492 763 3561 renuntiationemque
774 3498 855 3548 inter·
892 3510 998 3547 numero
1014 3496 1116 3559 plurali,
1127 3494 1195 3544 unda
1210 3492 1346 3554 erumpunt
1355 3494 1408 3547 W·

327 3567 467 3628 punctione
479 3568 572 3630 omni‚)
588 3577 611 3618 et
624 3572 715 3621 animos
727 3574 855 3636 mausus,
892 3573 993 3634 drlgre:
1010 3570 1059 3620 nisi
1075 3569 1144 3631 quod
1162 3569 1249 3632 poitur
1269 3565 1406 3631 plerunt¹¹⁸

326 3640 366 3701 qo.
402 3640 471 3693 Quid
488 3648 574 3691 tamen
591 3652 641 3706 est,
663 3660 710 3694 cur
726 3648 856 3710 improbet
891 3660 998 3697 nurnero
1008 3645 1129 3708 singulari
1141 3650 1272 3708 usurpant.
1299 3638 1405 3689 noscar-

322 3720 422 3779 premi
454 3715 545 3779 Annon
563 3716 684 3767 Fundanis
705 3734 785 3781 puceu
807 3736 855 3770 erae
891 3735 965 3772 ceres
981 3722 1019 3771 sic
1035 3719 1157 3770 describit
1177 3719 1260 3769 Varro
1275 3715 1319 3767 lib.
1330 3724 1364 3760 rt·
1377 3702 1405 3752 ⁶0

326 3790 419 3841 Latine
431 3789 536 3849 dicitur,
553 3790 579 3839 id
596 3800 645 3852 est,
661 3794 797 3842 Fundanos
809 3809 854 3857 ps·
893 3796 967 3859 Ling.
987 3798 1045 3845 Lat.
1065 3793 1114 3843 ‘ln
1126 3795 1196 3843 circo
1206 3789 1303 3857 primn’
1317 3784 1353 3851 (id
1364 3784 1405 3864 est.

326 3880 382 3915 cern
394 3864 497 3915 colera?
530 3866 623 3915 Annon
641 3867 700 3917 huic
715 3868 855 3917 locomaa-
892 3870 965 3919 initio
986 3867 1062 3933 cirri)
1087 3868 1171 3918 ‘unde
1192 3868 1328 3918 mittuntur
1347 3867 1405 3919 squ,

327 3941 377 3990 ime
404 3940 527 3991 conuenit
547 3954 577 3989 ea
598 3942 710 3991 Senatus
737 3943 854 3992 Fundani
894 3959 1011 3994 carceres
1022 3943 1163 3993 dicuutur!
1194 3943 1297 3994 Deinde
1313 3942 1403 3985 ‘caroe-

326 4016 498 4065 contestatio?
532 4016 571 4065 De
589 4018 685 4067 Fundis
697 4019 793 4083 oppido
809 4035 853 4069 an·
894 4036 936 4071 res
953 4021 1026 4077 dicti,
1044 4021 1112 4086 quod
1130 4020 1284 4069 coircantur
1299 4009 1362 4077 equi»
1375 4014 1402 4052 Ν

327 4098 379 4151 tea,
391 4097 417 4137 et
434 4089 466 4137 da
483 4090 618 4149 Priverno,
629 4095 773 4158 ceterisque
791 4095 853 4146 lucia
894 4096 954 4145 inde
973 4104 1077 4158 exeant,
1097 4103 1235 4159 antequam
1254 4086 1402 4154 masslfflffl'

325 4160 367 4211 blc
385 4163 541 4215 memoreris.
893 4172 994 4235 siguum
1005 4169 1094 4221 misit.’

358 4242 377 4269 ¹
395 4236 625 4301 Carcercaeouaao]
642 4240 745 4293 Seruius
762 4242 795 4293 ab
812 4256 852 4293 ar·
926 4244 986 4293 *la
1004 4244 1078 4308 drea]
1105 4244 1196 4295 Circus
1217 4250 1258 4293 sat
1280 4242 1345 4291 ioum
1364 4222 1401 4277 ⁰¹³⁵
