3150 4942
273 391 338 484 932
741 405 775 452 r.
799 403 893 452 mvn

275 547 382 621 betur,
397 545 508 609 soluta
522 543 633 608 omnia
646 543 746 608 robus
760 542 816 627 (ut
829 543 880 621 lit)
892 542 1048 607 secundis
1062 543 1210 609 invonitr
1232 545 1359 609 nullam

276 647 452 710 stationem
477 650 552 710 ante
576 646 711 723 moenia,
738 649 886 727 petentes
906 652 1035 726 portas,
1058 647 1221 736 rietnmm
1240 664 1361 727 vagum

274 745 420 829 prredam
437 764 481 809 ex
495 746 641 809 bostium
653 745 754 809 tectis
769 752 963 826 egerentem.
995 745 1121 810 lterum
1131 747 1230 827 igitur
1243 747 1360 811 eodem

275 846 329 910 die
347 847 494 910 Sutrium
516 847 665 929 capitur:
689 845 836 910 victores
859 844 993 910 Etrusci
1016 848 1142 929 passim
1161 847 1363 912 trucidantur

275 949 318 1012 ab
333 967 418 1012 uovo
432 950 538 1024 boste,
559 967 667 1030 nequo
681 967 719 1010 se
733 945 957 1028 conglobandi
971 945 1183 1030 cobnndique
1196 949 1231 1010 in
1246 967 1361 1023 unum,

275 1055 333 1114 aut
355 1069 446 1114 arma
468 1048 623 1132 capiendi
648 1048 743 1112 datur
765 1047 923 1129 spatium.
966 1048 1137 1131 cumpro
1161 1069 1197 1112 se
1221 1049 1361 1131 quisque

273 1149 444 1214 tenderent
456 1149 496 1213 ad
511 1155 633 1231 portas,
649 1149 678 1212 si
689 1166 755 1230 qua
767 1146 853 1210 forte
870 1146 954 1210 sein
969 1166 1068 1230 agros
1079 1147 1197 1230 ejicere
1210 1159 1360 1230 possent,

274 1251 407 1314 clausas
426 1248 477 1334 (id
499 1250 585 1312 enim
605 1251 746 1331 primum
769 1249 915 1312 dictator
937 1248 1171 1330 imperaverat)
1185 1257 1300 1331 portas
1313 1250 1361 1312 iu·

274 1353 434 1416 ueniunt.l
478 1349 561 1412 lude
575 1351 634 1413 alii
648 1368 740 1414 arma
754 1367 885 1432 capere,
909 1348 979 1425 alii,
1003 1367 1089 1431 qnos
1111 1347 1195 1412 forte
1217 1355 1360 1412 armatos

274 1449 436 1514 tumultus
452 1455 687 1530 occupaverat,
702 1467 887 1512 convocare
899 1467 994 1524 suos,
1008 1457 1046 1512 ut
1059 1449 1206 1530 pralium
1223 1449 1361 1511 inirentz

275 1549 366 1632 quod
388 1568 562 1614 accensum
578 1549 622 1611 ab
643 1547 874 1630 desperatione
894 1547 1041 1613 bostium
1062 1547 1195 1625 fnisset,
1218 1549 1252 1611 ni
1274 1566 1360 1630 prm·

274 1669 382 1724 conos,
397 1668 457 1732 pet
471 1647 582 1712 urbem
597 1648 738 1725 dimissi,
762 1649 844 1730 poni
867 1667 961 1712 arma
982 1654 1016 1712 et
1042 1649 1134 1731 parci
1158 1649 1275 1712 inermi
1285 1647 1360 1731 jus·

274 1750 408 1826 sissent,
442 1769 506 1813 nou
541 1757 663 1832 praeter
691 1757 840 1814 armatos
874 1767 1063 1832 quenquam
1092 1748 1221 1812 violari.
1271 1747 1360 1810 Tum

273 1850 385 1928 etiam,
400 1852 523 1933 quibus
534 1851 634 1914 animi
649 1852 683 1914 iu
697 1871 757 1934 spe
768 1852 883 1914 ultima
894 1849 1054 1914 obstinati
1069 1849 1112 1913 ad
1125 1848 1361 1913 decertandum

272 1951 411 2028 fuerant,
427 1959 602 2034 postquem
619 1951 698 2016 data
713 1970 792 2034 spes
807 1952 886 2014 vitm
900 1955 963 2027 est,
973 1950 1102 2032 jactare
1115 1949 1240 2031 passim
1256 1966 1360 2024 arma,

272 2051 489 2134 inermesque,
514 2051 603 2132 quod
624 2051 725 2116 tutius
747 2050 880 2114 lonuua
902 2050 1038 2126 lecerat,
1062 2069 1099 2112 so
1121 2049 1209 2112 busti
1231 2048 1360 2113 offerre.

274 2149 398 2232 Magna
426 2151 603 2215 multitudo
629 2151 664 2214 in
688 2151 862 2216 custodias
890 2149 1067 2214 divisam·
1096 2147 1259 2230 oppidum
1281 2157 1361 2214 aute

272 2257 402 2314 noctem
417 2251 580 2314 redditum
594 2251 737 2314 Sutrinis
752 2250 947 2315 inuiolatum
961 2252 1191 2330 integrumque
1206 2250 1250 2313 ab
1269 2250 1361 2313 omni

273 2351 369 2416 olade
384 2352 476 2428 belli,
502 2351 664 2434 quianon
685 2352 717 2414 vi
740 2361 891 2434 ceptum,
918 2351 977 2414 sed
999 2349 1155 2415 traditum
1172 2369 1234 2432 per
1247 2350 1361 2414 condi·

274 2451 381 2516 tiones
395 2451 515 2514 fueret.

315 2555 345 2614 4.
370 2549 532 2614 Camillus
554 2551 594 2624 ,in
620 2549 742 2615 Urbem
768 2550 977 2633 triumphans
1000 2550 1114 2628 rediit,
1140 2550 1237 2615 trium
1261 2552 1362 2615 simul

272 2651 455 2715 bellorum·
468 2652 593 2714 'ricton
642 2652 757 2730 Longe
781 2653 942 2732 plurimos
968 2652 1121 2733 captivos
1139 2670 1183 2714 er
1209 2651 1362 2715 Etruscis

270 2757 350 2815 ante
365 2771 493 2815 cunum
510 2751 619 2815 duxit.
664 2749 797 2828 Quibus
811 2752 874 2814 sub
890 2751 987 2814 basta
1001 2751 1217 2829 venumdatis,
1231 2760 1360 2814 tantum

272 2853 350 2916 reris
365 2852 533 2916 redactum
549 2859 612 2927 est,
628 2858 673 2928 nt,
688 2853 795 2932 pretio
810 2870 871 2933 pro
888 2851 990 2915 aurob
1003 2853 1165 2916 matronis
1180 2851 1361 2933 persoluto,

271 2970 314 3015 ex
329 2971 382 3028 eo,
396 2951 486 3033 quod
501 2956 683 3032 supererat,
697 2958 764 3014 tres
780 2960 907 3033 paterae
921 2969 1031 3015 aureae
1046 2953 1147 3016 factm
1162 2953 1248 3014 sint:
1263 2969 1360 3033 quas,

273 3069 346 3114 oum
364 3050 459 3114 titulo
474 3051 616 3114 numinis
632 3048 777 3128 Camilli,
801 3057 879 3115 ante
895 3049 1098 3132 Capitolium
1119 3051 1311 3114 incensnm‘
1326 3051 1359 3114 iu

727 3225 907 3249 annuum

272 3337 517 3465 Sizogndfflzque
531 3339 596 3388 Mur.
611 3345 794 3404 estonum-8
812 3343 886 3406 vulg.
903 3343 1137 3407 valneolum-l
1155 3343 1216 3392 Vel.
1233 3342 1278 3392 lib.
1290 3341 1359 3405 opud
1388 3391 1392 3398 ,

761 3515 867 3567 NOTAE

301 3621 418 3670 rrum
426 3621 559 3684 lumbar]
586 3623 655 3675 Quid
668 3625 796 3676 attinebat
836 3630 892 3691 gari
906 3641 1010 3677 carcere
1020 3625 1147 3676 contineri
1161 3626 1249 3689 poerit.

269 3694 335 3746 bunc
347 3697 692 3762 rouemporturbiurepori?
866 3710 880 3737 ⁸
897 3699 1191 3762 linamentum]
1207 3699 1360 3762 Volsci&

300 3779 311 3804 ¹
327 3772 419 3832 Mum
433 3772 558 3821 multitudo
568 3775 595 3822 r'n
604 3776 722 3826 custodior
733 3777 795 3826 dini·
835 3777 888 3842 qul,
897 3777 983 3826 Tusci.

268 3844 308 3907 u]
327 3847 413 3906 louge
429 3847 520 3896 melius
533 3849 619 3909 diuino,
632 3863 715 3912 quum,
727 3854 795 3914 quod
866 3850 878 3884 δ
894 3851 1026 3913 Fumo]
1043 3851 1120 3902 Quod
1127 3858 1252 3899 matrona
1262 3863 1358 3898 emon·

269 3921 392 3984 Sigonius
407 3923 629 3985 ingerlaurmiua.
663 3927 795 3976 Custodia
834 3927 869 3976 do
884 3941 931 3974 son
950 3927 1069 3975 muliebri
1088 3925 1295 3976 contuleranlnd
1313 3922 1359 3972 de·

268 3997 318 4046 boo
331 3999 387 4046 loeo
398 4005 588 4052 suutoarceres
600 4001 625 4049 iu
638 4001 794 4064 mnnloiplir,
834 4000 967 4064 pellendos
976 4000 1111 4050 obsidione
1128 3999 1250 4062 Capitolii
1261 3998 1361 4048 Gallos·

268 4084 319 4136 quo
331 4070 369 4119 rei
390 4079 434 4120 nul
453 4073 549 4134 erotivl
570 4077 706 4125 mittuntur
722 4091 792 4140 spur·
864 4077 956 4125 ‘Ante
971 4075 1114 4138 Capitolium
1127 4073 1256 4135 bum]
1279 4072 1356 4124 Quod

269 4146 316 4194 rim
328 4147 507 4208 cnrtodieudi3
524 4163 581 4197 cnm
594 4153 793 4201 teutbertmul·
832 4151 945 4213 contigit
964 4163 1032 4199 anno
1056 4149 1089 4199 U.
1106 4150 1136 4197 C·
1155 4152 1213 4198 bit.
1228 4150 1258 4198 1,
1277 4147 1356 4197 Corn.

267 4219 361 4283 tltodu,
372 4227 401 4270 ot
411 4234 461 4270 uon
472 4219 547 4272 facile
560 4225 686 4276 com-uni
697 4234 726 4276 et
738 4227 793 4276 vul·
832 4225 902 4290 Selp.
913 4225 945 4276 c.
956 4225 1079 4276 Norbano
1088 4236 1154 4276 corr·
