3150 4942
307 393 393 460 root
774 406 807 453 r.
832 405 924 452 nrvrr

307 558 366 616 eut
385 547 549 614 abstinere
571 567 622 626 eo,
648 546 739 630 quod
758 547 861 611 vitute
880 547 936 621 eit,
954 544 1089 628 jubent,
1114 553 1175 608 aut
1193 545 1401 612 mortiferum

305 650 399 715 viteli
425 649 618 714 admiscent
663 647 761 729 Ergo,
788 647 820 710 si
841 653 933 710 esset
953 646 1059 710 iibere
1080 645 1153 709 burc
1172 644 1305 724 civitas,
1331 666 1399 711 non

305 751 365 816 tibi
379 750 570 832 frequentes
584 747 867 813 succlamassent?
901 744 970 810 Abi
984 747 1060 810 hine
1075 764 1150 810 eum
1167 747 1399 812 tribunatibus

304 869 345 914 uc
360 850 592 931 rogationibus
604 848 682 911 tuis.
726 844 844 924 Quint
867 847 896 910 ei
912 852 949 909 tn
963 866 1027 910 non
1041 843 1183 923 tuleris‚⁶
1196 846 1291 929 quod
1303 867 1400 912 eom·

303 947 439 1013 modnm
455 957 510 1014 est
525 947 649 1032 populo
664 947 828 1029 accipere,
842 963 940 1010 nemo
954 946 1026 1020 erit,
1039 945 1098 1029 qui
1114 945 1199 1010 ieret
1214 947 1321 1011 inunt
1360 948 1400 1014 Si

304 1050 380 1132 quis
403 1051 575 1132 petricius,
598 1049 629 1112 si
655 1048 730 1131 quis
753 1046 855 1130 (qnod
870 1046 921 1110 illi
940 1047 1057 1110 uniunt
1077 1046 1280 1111 invidiosius
1303 1048 1400 1131 esse)

303 1148 464 1218 claudius
478 1149 613 1226 diceret,
633 1147 701 1213 Ant
714 1148 825 1211 omnin
838 1147 1000 1230 occipite,
1016 1152 1075 1210 unt
1089 1146 1171 1210 nihil
1185 1147 1255 1212 fero
1270 1146 1303 1231 ;ἀ
1317 1151 1399 1233 quis

302 1255 460 1327 vestrum,
492 1249 651 1326 Quirites,
679 1247 799 1311 ferreti
844 1245 1071 1329 Nunquamne
1098 1265 1161 1310 vos
1187 1266 1242 1311 res
1269 1251 1398 1330 potins,

234 1383 247 1396 ·
302 1370 403 1434 qnam
424 1359 593 1426 auctores,
616 1347 835 1430 spectabitist
858 1346 918 1412 sed
934 1347 1048 1411 omnia
1062 1364 1206 1429 semper,
1232 1367 1311 1429 quae
1326 1368 1400 1415 me-

301 1451 463 1532 gistrntns
477 1449 535 1512 ilie
550 1449 653 1526 diret,
677 1448 836 1516 secundis
847 1449 996 1525 nuribus,
1011 1465 1088 1531 qum
1101 1448 1145 1511 nb
1159 1457 1313 1513 nostrum
1328 1470 1398 1534 qno
1436 1511 1444 1523 ,

303 1549 478 1626 ‹iioentuo⁸
492 1548 642 1613 adversis
654 1549 853 1630 accipietiet
877 1546 922 1612 At
931 1547 1067 1612 hercule
1077 1566 1185 1612 sermo
1198 1555 1251 1613 est
1261 1551 1400 1615 minime

303 1649 427 1713 civilis.
473 1647 590 1727 Quid‘t
624 1647 768 1729 Rogotio
792 1647 902 1732 quetis
929 1655 996 1724 ent,
1018 1667 1120 1731 quum
1145 1667 1167 1712 e
1191 1650 1290 1713 votos
1313 1651 1401 1716 enti·

302 1755 436 1832 qustum
451 1749 682 1832 indignantur?
709 1748 872 1825 Sermoni,
884 1747 1043 1829 Quirites,
1057 1749 1282 1813 simillime:⁷·
1305 1750 1397 1816 Con·

303 1851 408 1929 eules,
423 1851 543 1931 inquit,
557 1869 650 1931 rogo,
664 1868 706 1912 ne
715 1851 827 1926 vobis,
841 1869 928 1932 quoe
938 1848 1058 1926 uelitis,
1073 1850 1181 1915 fecere
1190 1850 1304 1914 lineet.
1339 1850 1398 1916 An

301 1950 398 2014 aliter
419 1957 525 2032 roget,
552 1951 608 2033 qui
635 1950 749 2032 ntique
776 1950 913 2012 atterum
938 1950 1106 2032 explebe
1130 1949 1201 2014 fieri
1226 1953 1397 2017 consulem

296 2051 405 2134 jubet,
424 2069 486 2114 nee
513 2050 599 2114 duos
627 2050 790 2133 patricios
815 2049 950 2114 creandi
974 2056 1174 2132 potestatem
1200 2053 1299 2116 vobis
1321 2073 1399 2136 per·

300 2151 425 2215 mittiti
462 2152 501 2215 Si
515 2151 613 2216 hodie
628 2151 715 2216 belin
730 2151 808 2228 sint,
830 2151 930 2233 qnnle
943 2149 1120 2214 Etruscum
1131 2151 1205 2223 fnit,
1219 2170 1295 2216 eum
1313 2153 1398 2219 Por·

280 2269 385 2344 ‚sene
399 2249 422 2314 J
425 2253 591 2316 enienium
603 2253 748 2332 insedit;
764 2250 863 2334 quale
873 2250 1042 2316 Gultieum
1056 2251 1170 2329 ruodo,
1185 2271 1262 2316 oum
1274 2262 1399 2337 praeter

301 2351 513 2435 Capitolium
527 2360 629 2435 etque
645 2372 755 2416 arcem
770 2353 884 2416 omnin
897 2351 969 2416 hoec
984 2351 1127 2416 hostium
1142 2361 1248 2430 erunt,
1267 2363 1302 2418 et
1314 2375 1398 2420 oon·

300 2453 442 2516 sulatum
465 2471 542 2516 cum
564 2454 629 2517 hon
646 2453 695 2516 M.
711 2451 815 2515 Furio
829 2450 885 2515 et⁸
912 2451 1062 2535 quolibet
1082 2451 1150 2516 aiio
1170 2471 1214 2516 ex
1236 2453 1397 2523 Patribus

300 2549 340 2613 L.
354 2551 411 2616 ilie
426 2553 560 2616 Sextius
575 2561 722 2635 peteret3
744 2553 931 2636 possetisne
945 2552 1040 2630 terre,
1061 2551 1213 2617 Sextium
1229 2555 1321 2620 hand
1336 2577 1400 2640 pro

301 2650 404 2715 dnbio
415 2653 589 2716 consulem
601 2673 687 2730 esee,
703 2654 881 2718 Comitium
894 2653 936 2717 de
947 2654 1084 2736 repulsu
1094 2653 1276 2720 dimicaret
1299 2657 1398 2722 Hoc·

301 2750 374 2814 cine
397 2758 449 2814 est
474 2753 510 2814 in
537 2771 711 2817 commune
733 2753 875 2816 honores
901 2766 1047 2832 vincere,¹
1068 2761 1106 2818 ut
1130 2754 1218 2819 cinos
1242 2756 1396 2839 plebeios

299 2849 370 2914 fieri
385 2852 542 2917 eonsules
562 2852 673 2933 licent,
693 2854 778 2919 dnos
794 2854 955 2937 patricios
969 2873 1036 2921 non
1049 2855 1174 2922 licenti
1196 2863 1232 2921 et
1253 2859 1396 2924 atterum

300 3306 378 3354 emnia
387 3307 523 3370 occino-tt
540 3308 713 3371 Regnum
723 3311 786 3360 trist
798 3313 863 3425 Jeit
876 3315 899 3362 ni
913 3330 959 3364 m
974 3317 1057 3366 tutem
1074 3317 1190 3368 Gronov.
1222 3318 1395 3380 mooun

301 3371 604 3434 rao,qutesemrutern
615 3374 722 3438 Donjrt.
751 3377 787 3424 tu
817 3378 850 3428 et.
862 3385 891 3428 et
901 3379 1064 3430 Oresten-t
1081 3383 1158 3447 vulg.
1168 3382 1249 3446 rnnjor
1259 3380 1394 3436 distinctio

788 3517 900 3568 NOTAE

299 3605 419 3658 incientis
446 3608 478 3657 nb
506 3609 592 3674 Appio
620 3610 750 3662 dicontur.
787 3613 827 3662 'in
866 3615 1054 3680 dignefemt
1070 3619 1138 3668 omni
1155 3621 1393 3686 exenretinnepro·

300 3697 371 3746 vero,
380 3683 536 3749 quinquiens
547 3685 645 3734 civibus
658 3686 789 3749 Romanis,
800 3688 826 3737 in
867 3694 990 3756 sequeris.

298 3757 409 3820 probare
426 3758 489 3807 vetis
507 3759 576 3824 qued
591 3761 698 3822 plebeiis
708 3762 826 3812 omnibns
898 3765 910 3798 ⁴
926 3768 978 3817 Ant
989 3769 1068 3818 mis
1082 3769 1190 3833 meista,
1200 3777 1242 3820 ut
1253 3771 1314 3820 sitit
1322 3770 1392 3833 sm]

298 3833 363 3882 ntite
384 3831 474 3895 inerit,
492 3842 520 3884 et
537 3835 632 3885 nudem
655 3836 773 3887 Sentium
795 3853 827 3889 en
867 3839 1004 3891 inducitur
1015 3841 1098 3892 adhue
1109 3844 1224 3894 Licinius
1243 3845 1346 3910 piebem
1356 3846 1392 3895 nt·

298 3908 424 3958 Licinium
437 3924 488 3960 neu
497 3909 587 3961 dicere
598 3912 724 3966 consuler.
736 3919 766 3962 nt
781 3927 826 3964 eon
865 3912 980 3976 inquens.

299 3981 324 4030 in
342 3983 390 4032 tren
406 3984 487 4046 gredo
502 3987 658 4050 conspicies?
692 3987 768 4040 Quod
786 3994 825 4037 tn·
897 3993 1036 4054 ⁸Sermi‚
1049 3995 1391 4060 Qniriter‚risriitim]fluic

299 4070 357 4104 rnen
369 4057 515 4120 (interserit
532 4062 611 4111 veluti
628 4076 676 4125 per
688 4063 825 4125 perenthe·
864 4078 958 4130 nempe
967 4069 1088 4132 sermoni,
1096 4069 1151 4119 sire
1159 4071 1197 4120 trie
1205 4073 1392 4135 verbir‚iegem

300 4133 346 4198 sim
356 4133 559 4198 opprimimur
569 4139 684 4202 portenti
694 4147 763 4190 esset
773 4141 824 4190 Re·
863 4139 918 4192 iere
928 4156 961 4193 ne
972 4143 1054 4200 vobis,
1064 4159 1140 4209 quem
1154 4147 1239 4198 vetitis
1250 4149 1391 4210 consulem,

299 4221 357 4271 mee,
374 4211 442 4272 qnod
458 4220 487 4262 tu
502 4213 558 4276 ipse
568 4214 632 4265 nivis
643 4215 675 4266 tte
691 4217 768 4280 ptebe
784 4217 823 4266 in·
862 4216 949 4271 dicere
960 4220 1047 4270 lineet.
