3150 4942
295 351 382 418 1014
783 369 818 415 r.
844 367 937 415 srvrr

326 509 367 558 rie
384 506 416 557 ed
432 507 558 558 Anienem
575 515 661 557 cestre
678 507 783 563 hebent,
800 515 828 557 ct
843 506 966 559 berberos
977 505 1070 557 eximie
1083 508 1201 570 corporis
1212 505 1397 570 magnitudine

322 585 401 650 jubet
417 600 510 650 nsegns
526 599 589 636 voce
606 585 638 635 ed
657 600 768 650 pugnem
786 586 938 650 procedere,
946 600 1021 651 quem
1038 587 1120 634 Rome
1132 587 1214 636 sirusn
1225 584 1394 634 fortissimum

326 666 430 716 lssbeet.
463 669 502 715 1⁰.
520 664 552 714 iu
568 667 616 714 lsoc
632 673 765 716 certemus
783 668 908 730 permissu
926 664 1062 716 dictetoris
1076 664 1214 715 descendit
1224 665 1258 714 T.
1268 665 1395 724 Mentiue,

327 746 370 810 qui
382 753 483 810 petrem
494 759 510 794 e
521 747 659 796 tenetisne
670 745 811 796 tribunlcie
822 745 1006 796 vindicaverat.
1039 745 1067 794 ls
1078 744 1184 798 (lelium
1194 744 1289 794 stolide
1302 745 1395 794 Ιειιιι

326 826 477 889 prosternit,
487 831 516 875 et
525 825 641 889 incentis
656 826 751 875 collum
769 833 862 889 torque
878 823 984 888 spoliet,
994 838 1071 888 quern
1087 825 1157 874 collo
1169 822 1313 873 circumdet
1328 837 1391 872 suos

325 904 393 955 unde
404 905 428 954 ei
439 905 601 969 posterisque
610 904 733 968 Torqusti
744 917 885 966 cognomen
897 903 995 953 delum.
1029 907 1070 952 11.
1086 903 1152 952 Tuus
1163 902 1233 954 Gelil
1251 908 1341 964 noctu,
1351 917 1394 950 re-

325 986 397 1034 lictis
415 984 515 1047 trepide
526 983 628 1039 cestris,
639 983 664 1032 in
675 983 810 1034 Tiburtem
822 997 921 1045 ugrum,
932 989 960 1033 et
971 981 1043 1046 iude,
1052 980 1199 1033 commestis
1213 997 1229 1032 e
1239 981 1393 1032 Tiburtibus

326 1064 420 1129 sdjuti,
430 1065 456 1113 in
468 1063 633 1128 Cempesdssn
645 1067 790 1114 trsueeeut.
821 1062 874 1112 Sed
886 1077 946 1112 mox
956 1061 1066 1112 redeunt
1075 1061 1107 1112 ed
1119 1063 1242 1112 ensiiiuns
1253 1062 1394 1126 wcioruus,

326 1143 418 1208 quibus
438 1144 533 1194 belinus
553 1143 694 1204 indictum
715 1150 742 1191 et
762 1157 778 1192 e
796 1142 831 1194 Q.
847 1142 956 1191 Seruilio
975 1142 1059 1192 Alesia
1076 1142 1205 1191 dictetore
1219 1141 1287 1190 bend
1304 1142 1396 1202 procul

326 1231 403 1284 ports
412 1223 512 1273 cullius
525 1223 678 1283 funduntur,
689 1236 782 1285 sueque
792 1222 920 1287 utrimque
931 1222 1003 1271 edite
1012 1223 1092 1271 ende.
1120 1220 1240 1272 Tiburtes
1251 1221 1324 1283 riori,
1349 1225 1391 1270 te.

325 1309 352 1352 et
369 1315 428 1352 mox
446 1303 539 1354 iterum
550 1310 610 1352 ente
622 1300 714 1350 munis
726 1301 826 1351 Rome.
859 1301 962 1352 Bellum
976 1301 1099 1352 Hernicis
1109 1299 1393 1364 Tsrqninieusibusqne

325 1381 460 1431 indictum.
478 1381 573 1431 'Latini
585 1394 675 1444 necem
689 1387 793 1443 petunt,
801 1387 829 1430 et
840 1377 937 1429 indere
949 1387 1073 1429 rcnorsto
1084 1393 1202 1442 nequem
1212 1379 1275 1429 dent
1284 1379 1394 1428 rnilitum

326 1459 387 1508 uim.
413 1460 445 1510 c.
457 1459 587 1524 Sulpicius
599 1459 713 1508 dictstor
722 1458 848 1509 adsersus
860 1459 960 1515 (lellus,
971 1460 1044 1509 circe
1052 1459 1153 1510 Pedum
1164 1459 1337 1519 considentes,
1347 1473 1395 1508 ex·

325 1539 433 1589 ercitum
452 1539 535 1600 ducit,
553 1539 685 1602 trahitque
705 1537 802 1588 bellun
822 1538 911 1589 inritis
930 1536 1066 1586 militibus.
1109 1541 1150 1588 11.
1167 1537 1268 1586 Horum
1288 1537 1394 1586 nomine

324 1619 386 1668 Sex.
402 1618 511 1676 Tullius,
527 1617 572 1682 qui
589 1617 728 1681 septimum
745 1617 858 1667 ducebst
875 1615 985 1681 priosum
1004 1617 1093 1680 pilum,
1106 1623 1174 1678 oret,
1188 1623 1218 1666 ut
1234 1631 1326 1680 pugne
1343 1616 1391 1666 liet

325 1697 411 1760 copie.
452 1701 491 1748 ll.
514 1697 635 1747 Dictator
651 1698 790 1750 concitore
810 1696 883 1745 cedit
903 1694 1075 1758 multitudini,
1090 1703 1118 1745 et
1137 1710 1263 1761 eqeeoues
1280 1703 1394 1746 ermerus

324 1777 452 1840 mulisque
471 1777 602 1841 impositos
622 1784 700 1830 uoote
718 1790 797 1842 super
815 1786 902 1827 cestre
917 1777 943 1826 iu
958 1782 1067 1831 montes,
1077 1775 1201 1825 edsursns
1218 1790 1283 1840 quos
1293 1777 1394 1826 cuneis·

326 1863 383 1905 tuot
399 1857 496 1918 bostes,
505 1857 616 1906 eredere
629 1856 715 1919 jubet.
749 1860 789 1905 lt.
805 1857 898 1920 Pugne
913 1862 988 1906 etrus
1003 1863 1032 1905 et
1042 1854 1086 1904 din
1098 1868 1204 1919 suceps,
1216 1855 1299 1905 donec
1310 1854 1392 1910 Gelli.

324 1949 391 1985 noro
405 1935 517 1986 ciemore
532 1949 630 1997 eorum,
641 1937 684 2000 qul
703 1935 729 1984 in
740 1942 828 1985 munte
843 1943 913 1996 suut,
923 1936 1017 1997 territi,
1026 1933 1131 1998 lugiunt
1141 1943 1168 1985 et
1179 1934 1324 1984 ceduntur.
1357 1936 1391 1986 C.

324 2015 442 2065 Pleutius
459 2015 638 2066 cos-devincit
655 2015 793 2066 Hernicos.
825 2015 877 2065 Sed
893 2015 1095 2080 Terquiuiensus
1105 2014 1205 2065 cledem
1217 2013 1392 2064 inleruutex·

323 2095 417 2144 ercitoi
436 2095 467 2146 C.
479 2096 562 2152 Febii,
573 2095 680 2160 colloque
696 2095 763 2159 ejus,
776 2102 805 2146 et
821 2109 920 2147 occurs.
936 2095 1032 2144 milites
1049 2094 1124 2145 Rern.
1139 2101 1231 2158 centos
1245 2095 1392 2144 immolent.

323 2174 491 2226 Priuernstes
508 2189 596 2240 ugrum
617 2177 690 2226 iiour.
702 2181 817 2237 vesunt,
827 2183 855 2224 st
870 2174 1079 2225 motveliterui.
1111 2173 1177 2223 line
1189 2173 1282 2234 tribus,
1293 2173 1393 2238 Pomp·

323 2254 380 2304 tine
395 2261 424 2304 ct
440 2254 561 2309 Publilio.
574 2253 714 2304 sddnntnr.
748 2255 805 2303 ιιι
820 2253 853 2304 de
863 2253 962 2304 embitu
974 2251 1059 2303 fertur
1070 2251 1103 2303 eb
1114 2252 1145 2304 C.
1156 2253 1268 2304 Poetelio
1279 2254 1340 2304 trib.
1352 2255 1392 2318 pl.

324 2333 667 2396 sti.1’risernstes,sirtutu
685 2333 845 2396 potissimum
862 2333 925 2384 fleu.
936 2332 1022 2392 Tullii,
1032 2330 1176 2382 freuduutor
1185 2331 1336 2397 deduntque
1346 2349 1392 2384 nr·

323 2413 393 2462 besu.
427 2411 540 2476 Roqutio
556 2411 590 2461 de
606 2411 722 2461 coclerio
740 2409 839 2462 iuuere
855 2425 870 2461 s
886 2412 926 2462 tt.
938 2411 1036 2462 Duillio
1047 2419 1074 2463 et
1085 2411 1116 2464 1.
1127 2412 1225 2464 blenlo
1236 2411 1298 2464 trib.
1307 2414 1347 2478 pi.
1357 2429 1391 2465 ee

322 2491 365 2538 ies
383 2490 417 2539 de
435 2491 557 2541 uicesima
576 2491 785 2542 menumissornsn
803 2505 819 2540 s
837 2491 885 2542 Cu.
897 2491 996 2542 bienlio
1012 2505 1065 2543 cos.
1076 2505 1145 2542 noro
1162 2492 1283 2557 exuesnlo
1297 2493 1391 2544 edin-

323 2569 399 2617 trium
411 2569 436 2618 in
445 2571 536 2618 cestris
549 2568 695 2633 perfertur:
714 2569 782 2620 uude
795 2569 893 2620 tribuni
905 2571 942 2634 ni.
953 2571 1039 2635 cupite
1049 2572 1178 2637 seuciunt,
1186 2587 1220 2622 sse
1228 2573 1285 2637 quis
1297 2581 1391 2636 poetes

323 2648 446 2711 populum
457 2656 572 2698 serocet.

291 2731 331 2776 id.
354 2727 447 2777 Felieci
456 2727 707 2792 Tarquiniensesque
727 2729 838 2791 primunr
857 2728 972 2780 fundunt
991 2731 1131 2791 Bonosus,
1152 2731 1254 2782 territos
1275 2731 1388 2782 mesine

321 2807 421 2856 incessu
432 2805 518 2856 lurieii
527 2807 703 2870 secerdotum,
721 2807 794 2858 isoes
805 2809 929 2859 erdentes
948 2823 1100 2874 unguesque
1111 2809 1325 2874 proferentium
1340 2811 1389 2860 sed

321 2897 380 2935 mox
392 2885 541 2936 uincuntur·
574 2889 658 2938 Ornse
676 2899 768 2938 nornen
782 2889 921 2940 mecum
937 2889 1102 2952 concitetur,
1119 2898 1149 2941 et
1160 2891 1191 2942 C.
1202 2891 1315 2942 biettine
1333 2892 1388 2941 liu·

321 2967 384 3016 tiliis
405 2968 502 3029 primns
519 2967 552 3015 de
572 2967 648 3030 plebe
667 2967 763 3016 dicitnr
781 2967 905 3020 dictetur.
938 2970 968 3018 ls
987 2968 1109 3033 profliget
1128 2971 1261 3034 Etruscos,
1282 2980 1311 3020 et
1329 2972 1388 3020 eine

321 3046 480 3102 enctoritste
497 3047 615 3107 Petrum,
633 3046 722 3110 populi
739 3046 825 3110 Jussn,
845 3047 994 3110 triumphet.
1026 3053 1066 3100 lt.
1083 3049 1168 3101 Ambo
1185 3064 1253 3100 coss·
1270 3051 1376 3113 nutricii

320 3125 459 3188 Empulum
472 3137 505 3173 es
522 3123 672 3174 Tiburtibus
687 3132 803 3188 ceptum·
835 3127 975 3178 consulem
987 3134 1119 3179 uerteusen
1130 3143 1189 3180 cum
1206 3130 1285 3194 plebs
1294 3145 1326 3180 ec
1338 3131 1386 3179 tri·

318 3203 402 3253 bunis.
434 3207 474 3253 10.
490 3203 621 3264 Tiburtes,
641 3204 748 3256 Sessule
766 3213 928 3269 expugnets,
951 3219 980 3256 se
998 3206 1097 3258 dedunt
1117 3209 1247 3261 liomsnis.
1279 3210 1385 3274 (leptiri

242 3331 244 3340 Α
318 3283 520 3347 Tarquinienses
546 3283 710 3334 trucidentur
735 3299 833 3336 omna.
876 3285 972 3336 Tudus
993 3300 1052 3338 cnsn
1079 3287 1239 3341 demnitibes
1255 3290 1385 3354 junctum.

221 3385 224 3399 ι
319 3362 415 3426 inopes
436 3377 531 3413 nexum
548 3366 648 3415 ineunt.
679 3364 788 3414 Cmrires
805 3365 1185 3431 canetqeiniensibusersne
1196 3369 1320 3435 jungunt.
1353 3371 1384 3418 T.

318 3439 431 3490 Meulisu
452 3443 598 3506 Torqustus
619 3442 734 3493 dictetur
755 3451 784 3493 et
806 3443 840 3496 Α.
857 3446 991 3495 cornelius
1008 3446 1103 3496 Cossm
1125 3461 1193 3511 meg.
1212 3463 1256 3514 eq.
1275 3449 1383 3500 dicitur.

316 3522 360 3568 20.
384 3518 495 3570 Curitee
511 3523 605 3582 erroris
626 3522 726 3573 renim
745 3531 849 3588 petunt.
862 3523 1030 3591 induciseqee
1046 3527 1190 3590 inpetrent
1208 3529 1235 3578 ie
1253 3543 1279 3579 c.
1294 3543 1383 3579 sonos.

318 3597 476 3656 Tsiiscorum
489 3597 553 3648 fines
565 3601 692 3663 populati.

284 3681 326 3727 tl.
342 3676 446 3728 Tribuni
463 3678 567 3729 cernitis
584 3680 729 3730 consuistis
747 3695 798 3731 nou
816 3684 867 3732 nisi
885 3685 1027 3734 secundum
1047 3686 1173 3738 Licinium
1191 3688 1275 3750 legere
1291 3688 1382 3738 bebeti

317 3756 461 3820 petiuutur.
492 3757 607 3808 Tendens
622 3759 653 3809 C.
665 3759 779 3810 Mettius
795 3761 899 3811 Rutilus
915 3765 1020 3828 epiebe
1030 3766 1132 3832 college
1142 3767 1220 3820 detur
1232 3769 1266 3819 Ρ.
1277 3769 1382 3819 Velerio

315 3835 471 3887 Publicola.
504 3837 541 3887 Hi
552 3837 704 3887 substioneus
719 3839 777 3888 nris
788 3839 866 3890 ebeni
876 3843 902 3890 irs
921 3843 1051 3905 publicem
1061 3859 1147 3896 curem
1159 3855 1274 3907 uertunt,
1285 3850 1380 3897 creetis

314 3915 490 3979 quinqueviris
500 3916 650 3976 meuserilst
667 3923 696 3967 et
707 3917 782 3967 terde
793 3919 897 3970 nomine
907 3929 953 3970 eut
965 3924 1082 3974 uterium
1092 3925 1221 3983 dbsolrit,
1231 3936 1278 3978 ent
1286 3928 1379 3978 liberet

315 3993 452 4044 estimatio
472 3996 606 4047 bonorum.
640 3996 683 4046 0b
703 4005 828 4048 terrorem
847 3998 909 4049 belli
928 4001 1046 4066 Etrusci,
1062 4005 1107 4069 qui
1125 4012 1211 4056 temen
1230 4021 1310 4058 reuss
1329 4016 1380 4066 eet,

314 4071 345 4120 c.
356 4071 443 4122 Julius
453 4073 564 4126 dictetur
575 4077 602 4126 in
617 4075 710 4128 cestris
722 4077 826 4128 dicitur.
858 4083 901 4130 11.
917 4081 1034 4133 inducie
1047 4097 1091 4133 ss.
1103 4099 1227 4137 esnosure
1245 4101 1304 4138 cun
1317 4088 1381 4138 Ter·

314 4151 488 4213 quiniensibus
500 4153 666 4220 Teliscisque.
700 4158 818 4210 Dominis
837 4161 975 4212 mulierum
993 4177 1078 4214 rerum
1093 4165 1219 4218 sulutiose
1230 4167 1289 4218 eris
1301 4168 1385 4216 elicui
