3150 4942
537 446 610 493 urs.
635 444 691 493 rx.
716 446 798 493 cur.
820 432 875 495 14.
1170 428 1258 495 Ρὲὶὸ

159 588 364 670 cerdiisque‚
379 586 461 650 aliis·
475 586 610 651 mudum
632 589 732 670 'pacis
748 607 790 653 ac
804 590 883 652 belli
898 589 1009 653 lacere
1025 588 1162 673 aequum'
1176 606 1253 653 cen-

158 698 260 753 seret.
305 688 474 753 Samnites
496 710 539 753 ex
561 695 655 772 parte
671 690 783 766 altera,
800 710 875 754 cum
891 709 1022 753 omnem
1038 708 1154 753 curam
1172 690 1254 753 belli

156 792 372 866 remisissent,
383 791 462 873 quia
477 798 536 855 aut
548 809 668 873 pacem
684 810 760 855 rere
776 792 973 875 cupiebant,
983 796 1041 857 aut
1049 790 1252 871 expediebat

158 891 330 968 simulare,
343 898 384 955 ut
397 892 600 955 'surentinos'
608 891 674 955 sibi
682 892 910 969 conciliarent,
919 912 998 957 cnm
1008 893 1190 955 instructos
1200 911 1254 955 re-

157 999 257 1073 pente
271 990 315 1055 ad
328 1004 474 1075 pugnam
486 991 657 1057 numanus
670 993 939 1075 conspexissent,
951 994 1141 1069 vociferari,
1151 996 1209 1055 ‘se
1221 994 1254 1056 in

159 1094 361 1158 auctoritate
373 1093 632 1157 Tarentinorum
647 1112 791 1171 manere,
800 1112 863 1157 nec
875 1093 1074 1159 descendere
1086 1094 1120 1155 in
1134 1094 1252 1169 aciem,

158 1210 220 1257 nec
234 1200 330 1257 extra
345 1192 466 1256 vallum
482 1212 574 1257 arma
587 1194 681 1257 serre.
727 1194 902 1279 Deceptus
917 1196 1047 1277 petius,
1071 1194 1254 1275 quodcum-

158 1312 223 1374 que
239 1313 338 1358 casus
352 1292 449 1370 ierat,
462 1313 637 1377 passuros,
654 1314 754 1378 quam
772 1300 810 1359 nt
832 1297 1003 1379 sprevisse
1025 1296 1121 1379 pacis
1136 1304 1252 1359 aucto-

157 1416 210 1461 res
227 1395 430 1460 Tarentinos
450 1395 645 1462 videantur?
684 1396 872 1481 ‘Accipere
893 1419 931 1461 se
952 1395 1074 1476 nmen,'
1095 1400 1253 1463 consules

159 1500 264 1570 aiunt,
279 1502 332 1561 ‘et
345 1516 420 1561 eam
436 1499 566 1580 precari
582 1506 724 1564 mentem
739 1499 906 1577 hostibus,
929 1506 966 1564 ut
982 1519 1025 1563 ne
1041 1498 1164 1563 vallum
1178 1500 1253 1582 qni-

157 1600 232 1664 dem
247 1595 444 1663 defendant!
487 1598 572 1681 Ipsi,
596 1601 682 1663 inter
706 1618 743 1663 se
769 1600 904 1682 partitis
928 1583 1052 1683 copiis,
1068 1599 1254 1664 succedunt

158 1701 301 1765 hostium
318 1700 541 1775 munimentis,
568 1707 614 1777 et,
641 1700 742 1764 simnl
762 1700 911 1783 undique
926 1700 1050 1778 adorti,
1075 1721 1151 1764 cum
1173 1720 1252 1784 pars

157 1801 269 1866 fessas
280 1800 466 1884 explerent,
477 1820 555 1885 pars
571 1801 728 1866 vellerent
737 1802 877 1878 vallum,
889 1810 991 1885 atque
1000 1804 1035 1865 in
1049 1802 1161 1866 fossus
1176 1821 1251 1883 pro-

158 1908 300 1979 ruerent,
316 1902 377 1965 nec
392 1904 498 1965 virtus
512 1902 614 1965 modu
625 1903 737 1980 insita,
754 1903 813 1967 sed
829 1904 881 1967 ira
902 1904 1015 1980 etiam,
1040 1903 1252 1967 exulceratos

157 2004 340 2085 ignominia
367 2001 562 2066 stimularet
579 2003 719 2080 animos,
741 2008 854 2067 castre
876 2004 1049 2067 invasere:
1071 2011 1106 2066 et
1129 2022 1190 2085 pro
1216 2022 1253 2065 se

158 2104 312 2187 quisque,
328 2109 415 2167 ‘non
427 2104 499 2168 haec
513 2103 675 2181 furculas,
687 2124 749 2168 nec
760 2104 936 2181 Caudium,
950 2123 1010 2167 uec
1020 2103 1126 2167 saltus
1139 2103 1252 2166 invios

158 2224 245 2282 esse,
270 2206 326 2269 ubi
348 2210 490 2269 errdrem
515 2204 608 2269 frans
635 2205 778 2286 superbe
805 2205 958 2282 vicisset3
981 2202 1041 2267 sed
1064 2202 1258 2267 Romanam·

159 2306 322 2383 virtulem,¹
336 2324 438 2389 qnam
454 2325 517 2368 nec
532 2305 665 2381 vallum,
687 2323 748 2369 nec
763 2305 864 2369 fussee
882 2301 1053 2381 arcerent,’
1068 2308 1258 2366 memorum

158 2412 220 2484 tes,
251 2407 387 2471 coedunt
416 2409 536 2489 pariter
558 2406 754 2471 resistentes
783 2405 958 2487 fusosque,
979 2405 1124 2469 inermes
1153 2406 1262 2486 atque

159 2512 317 2583 armatos,
333 2525 462 2585 servos,
475 2506 610 2581 liberos,
626 2506 780 2586 puberes,
797 2503 997 2587 impuberes,
1014 2504 1180 2581 homines,
1197 2509 1251 2587 jn-

158 2615 352 2690 mentuqne.
396 2606 471 2671 Nec
497 2606 603 2669 ullum
632 2606 854 2689 superfuisset
877 2606 1010 2683 animal,
1034 2607 1070 2669 ni
1094 2606 1267 2681 consules'¹

157 2710 306 2790 receptui
321 2710 447 2790 signnm
462 2706 645 2781 dedissent,
660 2706 846 2788 avidosque
861 2706 966 2771 caedis
987 2706 1110 2770 milites
1135 2724 1155 2768 e
1177 2724 1253 2769 cas-

158 2808 217 2873 tris
232 2808 380 2873 hostium
402 2808 542 2891 imperio
564 2825 605 2871 ac
629 2806 730 2871 minis
746 2807 970 2889 expulissent.
1013 2806 1134 2888 Itaque
1160 2806 1253 2888 apud

158 2910 308 2974 infensos
324 2911 368 2974 ob
392 2909 634 2992 interpellatam
650 2907 861 2972 dulcedinem
874 2909 934 2972 irae
949 2906 1253 2972 confestim‚'oratiu

159 3010 274 3076 habita
289 3018 351 3089 eet,
374 3018 411 3074 ut
433 3010 605 3074 duceretur
623 3008 730 3086 miles,
752 3008 908 3072 ‘minime
932 3008 1087 3090 cuiqnam
1109 3004 1254 3069 militum

158 3111 316 3175 consules
330 3110 409 3175 odio
424 3112 458 3174 in
473 3112 586 3176 hostes
598 3111 755 3187 cessisse,
767 3117 826 3175 ant
839 3114 1018 3173 cessurus:
1041 3106 1123 3189 qnin
1136 3104 1252 3183 duces,

159 3213 250 3275 sicut
271 3213 363 3289 belli,
379 3212 645 3277 itainsatiabilis*
660 3211 834 3295 supplicii,
857 3212 987 3274 futuros
1012 3207 1131 3283 fuisse,
1152 3205 1189 3268 ni
1202 3224 1253 3269 re·

159 3320 297 3395 spectus
313 3314 482 3395 equitum⁰
506 3318 752 3389 sexcentorum,
765 3312 825 3395 qui
841 3310 993 3375 Luceriae
1008 3308 1145 3373 obsides
1160 3315 1251 3372 tene·

160 3418 282 3491 rentur,
314 3413 537 3496 praepedisset
565 3412 717 3491 animos3
748 3430 790 3474 ne
815 3410 993 3492 desperata
1017 3408 1117 3472 venia
1141 3406 1253 3471 hostes

159 3530 272 3577 ceecos
287 3516 319 3577 iu
334 3516 502 3597 supplicia
516 3533 631 3578 eurum
646 3520 771 3595 ageret,
787 3512 925 3594 perdere
943 3510 1045 3594 prius,
1061 3527 1161 3591 quam
1177 3525 1254 3589 per·

160 3614 237 3691 ire,4
258 3616 457 3699 optantes.’⁹
508 3615 662 3679 laudare
688 3632 730 3678 ea
753 3614 889 3690 milites,
912 3613 1089 3694 laetarique
1117 3610 1253 3674 obviam

191 3786 203 3819 t
222 3779 259 3827 Νι
269 3780 523 3842 tensamentum
538 3778 688 3843 impuriutir
703 3793 730 3826 nc
745 3778 821 3827 eata
836 3777 959 3837 exeunti,
975 3777 1149 3840 impellerentur
1158 3772 1254 3821 cdtlle·

159 3840 275 3907 (muer)
286 3844 462 3900 excudendus,
471 3844 588 3895 desiderio
600 3842 714 3907 perdendi
722 3842 791 3905 auor,
801 3848 926 3906 mileum
934 3842 981 3906 ipsi
987 3842 1101 3905 perum

160 4048 272 4099 dum-al
289 4050 363 4115 conj.
373 4050 400 4103 J·
411 4052 440 4102 F.
452 4052 565 4103 Gronov.
575 4052 690 4115 perirent.

653 4180 761 4232 Now

299 4282 311 4307 ¹
323 4270 450 4341 Respectus
461 4278 577 4343 equitum]
588 4279 731 4340 Gallicelu
742 4278 915 4331 consideratius
925 4279 966 4328 der
977 4275 1124 4327 emelim·
