<?xml version="1.0" encoding="UTF-8"?>
<!DOCTYPE html PUBLIC "-//W3C//DTD XHTML 1.0 Transitional//EN"
    "http://www.w3.org/TR/xhtml1/DTD/xhtml1-transitional.dtd">
<html xmlns="http://www.w3.org/1999/xhtml" xml:lang="en" lang="en">
 <head>
  <title>
</title>
<meta http-equiv="Content-Type" content="text/html;charset=utf-8" />
  <meta name='ocr-system' content='tesseract 3.04.00' />
  <meta name='ocr-capabilities' content='ocr_page ocr_carea ocr_par ocr_line ocrx_word'/>
</head>
<body>
  <div class='ocr_page' id='page_1' title='image "./tliviipatavinih06rupegoog/tliviipatavinih06rupegoog_0437.png"; bbox 0 0 3150 4942; ppageno 0'>
   <div class='ocr_carea' id='block_1_1' title="bbox 593 402 1303 473">
    <p class='ocr_par' dir='ltr' id='par_1_1' title="bbox 593 402 1303 473">
     <span class='ocr_line' id='line_1_1' title="bbox 593 402 1303 473; baseline 0.008 -8"><span class='ocrx_word' id='word_1_1' title='bbox 593 419 666 466; x_wconf 77' lang='lat' dir='ltr'><strong>ern.</strong></span> <span class='ocrx_word' id='word_1_2' title='bbox 692 418 730 467; x_wconf 85' lang='lat' dir='ltr'><strong>x.</strong></span> <span class='ocrx_word' id='word_1_3' title='bbox 755 416 839 467; x_wconf 69' lang='lat' dir='ltr'><strong>usn.</strong></span> <span class='ocrx_word' id='word_1_4' title='bbox 862 402 917 468; x_wconf 80' lang='lat'><strong>28.</strong></span> <span class='ocrx_word' id='word_1_5' title='bbox 1217 407 1303 473; x_wconf 63' lang='lat' dir='ltr'><strong>luel</strong></span> 
     </span>
    </p>
   </div>
   <div class='ocr_carea' id='block_1_2' title="bbox 203 554 1303 643">
    <p class='ocr_par' dir='ltr' id='par_1_2' title="bbox 203 554 1303 643">
     <span class='ocr_line' id='line_1_2' title="bbox 203 554 1303 643; baseline 0.008 -20"><span class='ocrx_word' id='word_1_6' title='bbox 203 559 274 625; x_wconf 90' lang='lat' dir='ltr'><strong>neri</strong></span> <span class='ocrx_word' id='word_1_7' title='bbox 285 560 366 625; x_wconf 87' lang='lat' dir='ltr'><strong>satis</strong></span> <span class='ocrx_word' id='word_1_8' title='bbox 380 562 439 635; x_wconf 69' lang='lat' dir='ltr'><strong>sitr</strong></span> <span class='ocrx_word' id='word_1_9' title='bbox 454 556 605 643; x_wconf 82' lang='lat' dir='ltr'><strong>longiore</strong></span> <span class='ocrx_word' id='word_1_10' title='bbox 617 564 796 627; x_wconf 85' lang='lat' dir='ltr'><strong>certamine</strong></span> <span class='ocrx_word' id='word_1_11' title='bbox 808 564 931 628; x_wconf 86' lang='lat' dir='ltr'><strong>sensim</strong></span> <span class='ocrx_word' id='word_1_12' title='bbox 947 554 1088 629; x_wconf 85' lang='lat' dir='ltr'><strong>residere</strong></span> <span class='ocrx_word' id='word_1_13' title='bbox 1104 566 1303 633; x_wconf 78' lang='lat' dir='ltr'><strong>Samnitium</strong></span> 
     </span>
    </p>
   </div>
   <div class='ocr_carea' id='block_1_3' title="bbox 202 662 1384 3176">
    <p class='ocr_par' dir='ltr' id='par_1_3' title="bbox 203 662 1304 949">
     <span class='ocr_line' id='line_1_3' title="bbox 203 662 1304 748; baseline 0.002 -19"><span class='ocrx_word' id='word_1_14' title='bbox 203 664 355 729; x_wconf 86' lang='lat' dir='ltr'><strong>animos:</strong></span> <span class='ocrx_word' id='word_1_15' title='bbox 379 662 556 727; x_wconf 79' lang='lat' dir='ltr'>Gallorum</span> <span class='ocrx_word' id='word_1_16' title='bbox 576 664 710 747; x_wconf 91' lang='lat' dir='ltr'><strong>quidem</strong></span> <span class='ocrx_word' id='word_1_17' title='bbox 728 667 829 729; x_wconf 87' lang='lat' dir='ltr'><strong>etiam</strong></span> <span class='ocrx_word' id='word_1_18' title='bbox 844 685 988 748; x_wconf 89' lang='lat' dir='ltr'><strong>corpora</strong></span> <span class='ocrx_word' id='word_1_19' title='bbox 1012 667 1304 732; x_wconf 76' lang='lat' dir='ltr'><strong>intolerantissima</strong></span> 
     </span>
     <span class='ocr_line' id='line_1_4' title="bbox 203 764 1303 851; baseline 0.003 -24"><span class='ocrx_word' id='word_1_20' title='bbox 203 764 329 829; x_wconf 78' lang='lat' dir='ltr'><strong>laboris</strong></span> <span class='ocrx_word' id='word_1_21' title='bbox 349 774 450 847; x_wconf 86' lang='lat' dir='ltr'><strong>atque</strong></span> <span class='ocrx_word' id='word_1_22' title='bbox 475 773 580 829; x_wconf 87' lang='lat' dir='ltr'><strong>aestus</strong></span> <span class='ocrx_word' id='word_1_23' title='bbox 595 766 714 843; x_wconf 86' lang='lat' dir='ltr'><strong>fluere;</strong></span> <span class='ocrx_word' id='word_1_24' title='bbox 736 767 913 849; x_wconf 90' lang='lat' dir='ltr'><strong>primaque</strong></span> <span class='ocrx_word' id='word_1_25' title='bbox 941 786 1056 831; x_wconf 91' lang='lat' dir='ltr'><strong>eornm</strong></span> <span class='ocrx_word' id='word_1_26' title='bbox 1085 769 1203 849; x_wconf 79' lang='lat' dir='ltr'><strong>praelia</strong></span> <span class='ocrx_word' id='word_1_27' title='bbox 1225 766 1303 851; x_wconf 90' lang='lat' dir='ltr'><strong>plus</strong></span> 
     </span>
     <span class='ocr_line' id='line_1_5' title="bbox 203 865 1302 949; baseline 0 -20"><span class='ocrx_word' id='word_1_28' title='bbox 203 884 304 949; x_wconf 90' lang='lat' dir='ltr'><strong>quam</strong></span> <span class='ocrx_word' id='word_1_29' title='bbox 321 865 477 941; x_wconf 88' lang='lat' dir='ltr'><strong>virorum,</strong></span> <span class='ocrx_word' id='word_1_30' title='bbox 489 872 657 947; x_wconf 87' lang='lat' dir='ltr'><strong>postrema</strong></span> <span class='ocrx_word' id='word_1_31' title='bbox 669 868 777 929; x_wconf 89' lang='lat' dir='ltr'><strong>minus</strong></span> <span class='ocrx_word' id='word_1_32' title='bbox 787 886 888 949; x_wconf 89' lang='lat' dir='ltr'><strong>qnam</strong></span> <span class='ocrx_word' id='word_1_33' title='bbox 900 868 1110 932; x_wconf 84' lang='lat' dir='ltr'><strong>foeminurum</strong></span> <span class='ocrx_word' id='word_1_34' title='bbox 1126 888 1215 931; x_wconf 84' lang='lat' dir='ltr'><strong>esse·</strong></span> <span class='ocrx_word' id='word_1_35' title='bbox 1261 868 1302 932; x_wconf 93' lang='lat' dir='ltr'><strong>lu</strong></span> 
     </span>
    </p>

    <p class='ocr_par' dir='ltr' id='par_1_4' title="bbox 202 950 1384 3176">
     <span class='ocr_line' id='line_1_6' title="bbox 203 950 1384 1051; baseline 0.003 -22"><span class='ocrx_word' id='word_1_36' title='bbox 203 966 238 1029; x_wconf 95' lang='lat' dir='ltr'><strong>id</strong></span> <span class='ocrx_word' id='word_1_37' title='bbox 260 978 393 1047; x_wconf 89' lang='lat' dir='ltr'><strong>tempus</strong></span> <span class='ocrx_word' id='word_1_38' title='bbox 417 968 526 1047; x_wconf 90' lang='lat' dir='ltr'><strong>igitur,</strong></span> <span class='ocrx_word' id='word_1_39' title='bbox 543 986 612 1049; x_wconf 93' lang='lat' dir='ltr'><strong>quo</strong></span> <span class='ocrx_word' id='word_1_40' title='bbox 631 968 720 1031; x_wconf 83' lang='lat' dir='ltr'><strong>vinci</strong></span> <span class='ocrx_word' id='word_1_41' title='bbox 742 967 873 1031; x_wconf 85' lang='lat' dir='ltr'><strong>solebat</strong></span> <span class='ocrx_word' id='word_1_42' title='bbox 886 969 1003 1044; x_wconf 86' lang='lat' dir='ltr'><strong>bostis,</strong></span> <span class='ocrx_word' id='word_1_43' title='bbox 1018 988 1118 1051; x_wconf 90' lang='lat' dir='ltr'><strong>qnam</strong></span> <span class='ocrx_word' id='word_1_44' title='bbox 1136 969 1304 1051; x_wconf 87' lang='lat' dir='ltr'><strong>integerri·</strong></span> <span class='ocrx_word' id='word_1_45' title='bbox 1378 950 1384 963; x_wconf 68' lang='grc'>’</span> 
     </span>
     <span class='ocr_line' id='line_1_7' title="bbox 202 1066 1304 1135; baseline 0.004 -5"><span class='ocrx_word' id='word_1_46' title='bbox 202 1087 275 1130; x_wconf 88' lang='lat' dir='ltr'><strong>mas</strong></span> <span class='ocrx_word' id='word_1_47' title='bbox 299 1069 385 1130; x_wconf 89' lang='lat' dir='ltr'><strong>vires</strong></span> <span class='ocrx_word' id='word_1_48' title='bbox 407 1068 506 1130; x_wconf 90' lang='lat' dir='ltr'><strong>militi</strong></span> <span class='ocrx_word' id='word_1_49' title='bbox 533 1069 699 1132; x_wconf 88' lang='lat' dir='ltr'><strong>servabat.</strong></span> <span class='ocrx_word' id='word_1_50' title='bbox 747 1066 908 1132; x_wconf 85' lang='lat' dir='ltr'><strong>Ferocior</strong></span> <span class='ocrx_word' id='word_1_51' title='bbox 935 1069 1062 1133; x_wconf 87' lang='lat' dir='ltr'><strong>Decius</strong></span> <span class='ocrx_word' id='word_1_52' title='bbox 1084 1077 1118 1132; x_wconf 91' lang='lat' dir='ltr'><strong>et</strong></span> <span class='ocrx_word' id='word_1_53' title='bbox 1142 1076 1245 1133; x_wconf 77' lang='lat' dir='ltr'><strong>aetate</strong></span> <span class='ocrx_word' id='word_1_54' title='bbox 1270 1076 1304 1135; x_wconf 90' lang='lat' dir='ltr'><strong>et</strong></span> 
     </span>
     <span class='ocr_line' id='line_1_8' title="bbox 203 1169 1303 1255; baseline 0 -22"><span class='ocrx_word' id='word_1_55' title='bbox 203 1169 318 1249; x_wconf 84' lang='lat' dir='ltr'><strong>vigore</strong></span> <span class='ocrx_word' id='word_1_56' title='bbox 349 1169 461 1243; x_wconf 88' lang='lat' dir='ltr'><strong>animi,</strong></span> <span class='ocrx_word' id='word_1_57' title='bbox 491 1176 797 1251; x_wconf 88' lang='lat' dir='ltr'><strong>quantumcumque</strong></span> <span class='ocrx_word' id='word_1_58' title='bbox 828 1170 945 1233; x_wconf 81' lang='lat' dir='ltr'><strong>virium</strong></span> <span class='ocrx_word' id='word_1_59' title='bbox 973 1170 1102 1255; x_wconf 84' lang='lat' dir='ltr'><strong>babuit,</strong></span> <span class='ocrx_word' id='word_1_60' title='bbox 1128 1169 1303 1233; x_wconf 89' lang='lat' dir='ltr'><strong>certamine</strong></span> 
     </span>
     <span class='ocr_line' id='line_1_9' title="bbox 202 1267 1302 1353; baseline 0 -20"><span class='ocrx_word' id='word_1_61' title='bbox 202 1270 309 1353; x_wconf 90' lang='lat' dir='ltr'><strong>primo</strong></span> <span class='ocrx_word' id='word_1_62' title='bbox 331 1268 466 1347; x_wconf 79' lang='lat' dir='ltr'><strong>effudit3</strong></span> <span class='ocrx_word' id='word_1_63' title='bbox 489 1277 531 1345; x_wconf 87' lang='lat' dir='ltr'><strong>et,</strong></span> <span class='ocrx_word' id='word_1_64' title='bbox 547 1267 627 1351; x_wconf 92' lang='lat' dir='ltr'><strong>quia</strong></span> <span class='ocrx_word' id='word_1_65' title='bbox 651 1270 773 1332; x_wconf 87' lang='lat' dir='ltr'><strong>lentior</strong></span> <span class='ocrx_word' id='word_1_66' title='bbox 800 1268 972 1333; x_wconf 89' lang='lat' dir='ltr'><strong>videbatur</strong></span> <span class='ocrx_word' id='word_1_67' title='bbox 994 1270 1161 1353; x_wconf 87' lang='lat' dir='ltr'><strong>pedestris</strong></span> <span class='ocrx_word' id='word_1_68' title='bbox 1182 1290 1302 1353; x_wconf 87' lang='lat' dir='ltr'><strong>pugna,</strong></span> 
     </span>
     <span class='ocr_line' id='line_1_10' title="bbox 202 1370 1302 1455; baseline 0 -20"><span class='ocrx_word' id='word_1_69' title='bbox 202 1372 387 1454; x_wconf 86' lang='lat' dir='ltr'><strong>equitatum</strong></span> <span class='ocrx_word' id='word_1_70' title='bbox 402 1372 436 1433; x_wconf 93' lang='lat' dir='ltr'><strong>in</strong></span> <span class='ocrx_word' id='word_1_71' title='bbox 453 1388 595 1453; x_wconf 85' lang='lat' dir='ltr'><strong>pugnam</strong></span> <span class='ocrx_word' id='word_1_72' title='bbox 612 1370 768 1449; x_wconf 86' lang='lat' dir='ltr'><strong>eoncitat,</strong></span> <span class='ocrx_word' id='word_1_73' title='bbox 784 1378 819 1433; x_wconf 90' lang='lat' dir='ltr'><strong>et</strong></span> <span class='ocrx_word' id='word_1_74' title='bbox 832 1371 918 1452; x_wconf 91' lang='lat' dir='ltr'><strong>ipse,</strong></span> <span class='ocrx_word' id='word_1_75' title='bbox 934 1370 1126 1436; x_wconf 77' lang='lat' dir='ltr'><strong>fortissimae</strong></span> <span class='ocrx_word' id='word_1_76' title='bbox 1140 1373 1302 1455; x_wconf 85' lang='lat' dir='ltr'><strong>juvenum</strong></span> 
     </span>
     <span class='ocr_line' id='line_1_11' title="bbox 203 1473 1305 1554; baseline 0.002 -19"><span class='ocrx_word' id='word_1_77' title='bbox 203 1482 322 1537; x_wconf 77' lang='lat' dir='ltr'><strong>tuumne</strong></span> <span class='ocrx_word' id='word_1_78' title='bbox 347 1473 529 1545; x_wconf 86' lang='lat' dir='ltr'><strong>immixtus,</strong></span> <span class='ocrx_word' id='word_1_79' title='bbox 553 1478 626 1536; x_wconf 92' lang='lat' dir='ltr'><strong>orat</strong></span> <span class='ocrx_word' id='word_1_80' title='bbox 649 1490 808 1554; x_wconf 86' lang='lat' dir='ltr'><strong>proceres</strong></span> <span class='ocrx_word' id='word_1_81' title='bbox 830 1474 1029 1554; x_wconf 81' lang='lat' dir='ltr'><strong>juventutis,</strong></span> <span class='ocrx_word' id='word_1_82' title='bbox 1053 1474 1087 1536; x_wconf 92' lang='lat' dir='ltr'><strong>iu</strong></span> <span class='ocrx_word' id='word_1_83' title='bbox 1111 1473 1242 1537; x_wconf 79' lang='lat' dir='ltr'><strong>hostem</strong></span> <span class='ocrx_word' id='word_1_84' title='bbox 1268 1480 1305 1537; x_wconf 89' lang='lat' dir='ltr'><strong>ut</strong></span> 
     </span>
     <span class='ocr_line' id='line_1_12' title="bbox 203 1570 1304 1655; baseline 0.001 -18"><span class='ocrx_word' id='word_1_85' title='bbox 203 1592 315 1637; x_wconf 82' lang='lat' dir='ltr'><strong>seeum</strong></span> <span class='ocrx_word' id='word_1_86' title='bbox 338 1574 500 1655; x_wconf 90' lang='lat' dir='ltr'><strong>impetum</strong></span> <span class='ocrx_word' id='word_1_87' title='bbox 516 1570 661 1637; x_wconf 84' lang='lat' dir='ltr'><strong>faciant:</strong></span> <span class='ocrx_word' id='word_1_88' title='bbox 685 1571 853 1655; x_wconf 86' lang='lat' dir='ltr'><strong>duplicem</strong></span> <span class='ocrx_word' id='word_1_89' title='bbox 868 1572 997 1638; x_wconf 91' lang='lat' dir='ltr'><strong>illorum</strong></span> <span class='ocrx_word' id='word_1_90' title='bbox 1013 1574 1154 1655; x_wconf 88' lang='lat' dir='ltr'><strong>gloriam</strong></span> <span class='ocrx_word' id='word_1_91' title='bbox 1176 1574 1258 1652; x_wconf 83' lang='lat' dir='ltr'><strong>fore,</strong></span> <span class='ocrx_word' id='word_1_92' title='bbox 1273 1576 1304 1639; x_wconf 87' lang='lat' dir='ltr'><strong>si</strong></span> 
     </span>
     <span class='ocr_line' id='line_1_13' title="bbox 203 1673 1303 1757; baseline -0.001 -19"><span class='ocrx_word' id='word_1_93' title='bbox 203 1676 246 1738; x_wconf 90' lang='lat' dir='ltr'><strong>ab</strong></span> <span class='ocrx_word' id='word_1_94' title='bbox 261 1674 349 1739; x_wconf 86' lang='lat' dir='ltr'><strong>leevo</strong></span> <span class='ocrx_word' id='word_1_95' title='bbox 363 1693 463 1738; x_wconf 88' lang='lat' dir='ltr'><strong>cornu</strong></span> <span class='ocrx_word' id='word_1_96' title='bbox 480 1680 513 1739; x_wconf 88' lang='lat' dir='ltr'><strong>et</strong></span> <span class='ocrx_word' id='word_1_97' title='bbox 528 1673 571 1739; x_wconf 92' lang='lat' dir='ltr'><strong>ab</strong></span> <span class='ocrx_word' id='word_1_98' title='bbox 588 1675 701 1755; x_wconf 87' lang='lat' dir='ltr'><strong>equite</strong></span> <span class='ocrx_word' id='word_1_99' title='bbox 715 1674 858 1737; x_wconf 86' lang='lat' dir='ltr'><strong>victoria</strong></span> <span class='ocrx_word' id='word_1_100' title='bbox 872 1674 1025 1757; x_wconf 87' lang='lat' dir='ltr'><strong>incipiat.</strong></span> <span class='ocrx_word' id='word_1_101' title='bbox 1070 1674 1132 1739; x_wconf 88' lang='lat' dir='ltr'><strong>Bis</strong></span> <span class='ocrx_word' id='word_1_102' title='bbox 1154 1680 1303 1739; x_wconf 86' lang='lat' dir='ltr'><strong>avertere</strong></span> 
     </span>
     <span class='ocr_line' id='line_1_14' title="bbox 203 1773 1379 1861; baseline 0 -22"><span class='ocrx_word' id='word_1_103' title='bbox 203 1775 370 1840; x_wconf 88' lang='lat' dir='ltr'><strong>Gallicum</strong></span> <span class='ocrx_word' id='word_1_104' title='bbox 387 1777 581 1858; x_wconf 87' lang='lat' dir='ltr'><strong>equitatum.</strong></span> <span class='ocrx_word' id='word_1_105' title='bbox 626 1773 747 1837; x_wconf 89' lang='lat' dir='ltr'><strong>Iterum</strong></span> <span class='ocrx_word' id='word_1_106' title='bbox 762 1773 897 1856; x_wconf 89' lang='lat' dir='ltr'><strong>lougius</strong></span> <span class='ocrx_word' id='word_1_107' title='bbox 913 1784 1061 1852; x_wconf 87' lang='lat' dir='ltr'><strong>erectos,</strong></span> <span class='ocrx_word' id='word_1_108' title='bbox 1076 1777 1192 1861; x_wconf 82' lang='lat' dir='ltr'><strong>etjam</strong></span> <span class='ocrx_word' id='word_1_109' title='bbox 1213 1777 1304 1841; x_wconf 90' lang='lat' dir='ltr'><strong>inter</strong></span> <span class='ocrx_word' id='word_1_110' title='bbox 1374 1850 1379 1860; x_wconf 20' lang='lat' dir='ltr'><strong>q</strong></span> 
     </span>
     <span class='ocr_line' id='line_1_15' title="bbox 203 1874 1303 1960; baseline 0.001 -19"><span class='ocrx_word' id='word_1_111' title='bbox 203 1876 314 1943; x_wconf 88' lang='lat' dir='ltr'><strong>media</strong></span> <span class='ocrx_word' id='word_1_112' title='bbox 343 1878 493 1959; x_wconf 90' lang='lat' dir='ltr'><strong>equitum</strong></span> <span class='ocrx_word' id='word_1_113' title='bbox 523 1875 655 1956; x_wconf 82' lang='lat' dir='ltr'><strong>agmina</strong></span> <span class='ocrx_word' id='word_1_114' title='bbox 684 1874 849 1956; x_wconf 64' lang='lat' dir='ltr'><strong>praelium,</strong></span> <span class='ocrx_word' id='word_1_115' title='bbox 865 1876 1004 1953; x_wconf 84' lang='lat' dir='ltr'><strong>cientes,</strong></span> <span class='ocrx_word' id='word_1_116' title='bbox 1032 1896 1154 1940; x_wconf 84' lang='lat' dir='ltr'><strong>novum</strong></span> <span class='ocrx_word' id='word_1_117' title='bbox 1183 1898 1303 1960; x_wconf 77' lang='lat' dir='ltr'><strong>pugnae</strong></span> 
     </span>
     <span class='ocr_line' id='line_1_16' title="bbox 204 1974 1303 2061; baseline -0.001 -18"><span class='ocrx_word' id='word_1_118' title='bbox 204 1978 383 2044; x_wconf 86' lang='lat' dir='ltr'><strong>conterruit</strong></span> <span class='ocrx_word' id='word_1_119' title='bbox 403 1997 521 2061; x_wconf 77' lang='lat' dir='ltr'><strong>genus:</strong></span> <span class='ocrx_word' id='word_1_120' title='bbox 545 1974 672 2040; x_wconf 80' lang='lat' dir='ltr'><strong>essedis</strong></span> <span class='ocrx_word' id='word_1_121' title='bbox 693 1976 862 2057; x_wconf 87' lang='lat' dir='ltr'><strong>carrisque</strong></span> <span class='ocrx_word' id='word_1_122' title='bbox 872 1982 900 2012; x_wconf 84' lang='lat'><strong>²⁰</strong></span> <span class='ocrx_word' id='word_1_123' title='bbox 921 1984 1136 2059; x_wconf 84' lang='lat' dir='ltr'><strong>superstans¹¹</strong></span> <span class='ocrx_word' id='word_1_124' title='bbox 1158 1984 1303 2043; x_wconf 88' lang='lat' dir='ltr'><strong>armatus</strong></span> 
     </span>
     <span class='ocr_line' id='line_1_17' title="bbox 204 2076 1305 2161; baseline 0 -18"><span class='ocrx_word' id='word_1_125' title='bbox 204 2079 308 2143; x_wconf 87' lang='lat' dir='ltr'><strong>bostis</strong></span> <span class='ocrx_word' id='word_1_126' title='bbox 329 2079 452 2161; x_wconf 87' lang='lat' dir='ltr'><strong>ingenti</strong></span> <span class='ocrx_word' id='word_1_127' title='bbox 473 2079 582 2141; x_wconf 91' lang='lat' dir='ltr'><strong>sonitu</strong></span> <span class='ocrx_word' id='word_1_128' title='bbox 599 2094 758 2159; x_wconf 90' lang='lat' dir='ltr'><strong>equorum</strong></span> <span class='ocrx_word' id='word_1_129' title='bbox 772 2082 983 2157; x_wconf 84' lang='lat' dir='ltr'><strong>rotarumque</strong></span> <span class='ocrx_word' id='word_1_130' title='bbox 997 2076 1145 2154; x_wconf 83' lang='lat' dir='ltr'><strong>advenit,</strong></span> <span class='ocrx_word' id='word_1_131' title='bbox 1159 2088 1193 2143; x_wconf 92' lang='lat' dir='ltr'><strong>et</strong></span> <span class='ocrx_word' id='word_1_132' title='bbox 1214 2078 1305 2143; x_wconf 86' lang='lat' dir='ltr'><strong>inso-</strong></span> 
     </span>
     <span class='ocr_line' id='line_1_18' title="bbox 203 2176 1305 2264; baseline 0 -19"><span class='ocrx_word' id='word_1_133' title='bbox 203 2182 282 2246; x_wconf 89' lang='lat' dir='ltr'><strong>litos</strong></span> <span class='ocrx_word' id='word_1_134' title='bbox 308 2184 384 2264; x_wconf 84' lang='lat' dir='ltr'><strong>ejus</strong></span> <span class='ocrx_word' id='word_1_135' title='bbox 410 2180 598 2243; x_wconf 74' lang='lat' dir='ltr'><strong>tumultus*</strong></span> <span class='ocrx_word' id='word_1_136' title='bbox 625 2176 857 2240; x_wconf 87' lang='lat' dir='ltr'><strong>Romanorum</strong></span> <span class='ocrx_word' id='word_1_137' title='bbox 883 2179 1061 2242; x_wconf 85' lang='lat' dir='ltr'><strong>conterruit</strong></span> <span class='ocrx_word' id='word_1_138' title='bbox 1086 2198 1204 2260; x_wconf 89' lang='lat' dir='ltr'><strong>equos.</strong></span> <span class='ocrx_word' id='word_1_139' title='bbox 1248 2180 1305 2245; x_wconf 88' lang='lat' dir='ltr'><strong>Ita</strong></span> 
     </span>
     <span class='ocr_line' id='line_1_19' title="bbox 204 2272 1304 2365; baseline -0.005 -17"><span class='ocrx_word' id='word_1_140' title='bbox 204 2284 363 2349; x_wconf 82' lang='lat' dir='ltr'><strong>victorem</strong></span> <span class='ocrx_word' id='word_1_141' title='bbox 378 2282 562 2365; x_wconf 86' lang='lat' dir='ltr'><strong>equitatum</strong></span> <span class='ocrx_word' id='word_1_142' title='bbox 578 2276 669 2343; x_wconf 85' lang='lat' dir='ltr'><strong>velut</strong></span> <span class='ocrx_word' id='word_1_143' title='bbox 683 2272 912 2361; x_wconf 81' lang='lat' dir='ltr'><strong>lymphaticus</strong></span> <span class='ocrx_word' id='word_1_144' title='bbox 923 2298 1029 2361; x_wconf 85' lang='lat' dir='ltr'><strong>pavor</strong></span> <span class='ocrx_word' id='word_1_145' title='bbox 1039 2272 1197 2363; x_wconf 80' lang='lat' dir='ltr'><strong>dissipat:</strong></span> <span class='ocrx_word' id='word_1_146' title='bbox 1222 2292 1304 2345; x_wconf 84' lang='lat' dir='ltr'><strong>ster-</strong></span> 
     </span>
     <span class='ocr_line' id='line_1_20' title="bbox 204 2380 1305 2465; baseline 0 -17"><span class='ocrx_word' id='word_1_147' title='bbox 204 2386 253 2451; x_wconf 90' lang='lat' dir='ltr'><strong>nit</strong></span> <span class='ocrx_word' id='word_1_148' title='bbox 274 2386 353 2449; x_wconf 88' lang='lat' dir='ltr'><strong>indo</strong></span> <span class='ocrx_word' id='word_1_149' title='bbox 375 2390 505 2447; x_wconf 85' lang='lat' dir='ltr'><strong>ruentes</strong></span> <span class='ocrx_word' id='word_1_150' title='bbox 520 2400 626 2465; x_wconf 89' lang='lat' dir='ltr'><strong>equos</strong></span> <span class='ocrx_word' id='word_1_151' title='bbox 645 2380 803 2463; x_wconf 78' lang='lat' dir='ltr'><strong>virosque</strong></span> <span class='ocrx_word' id='word_1_152' title='bbox 816 2380 1005 2463; x_wconf 85' lang='lat' dir='ltr'><strong>improvida</strong></span> <span class='ocrx_word' id='word_1_153' title='bbox 1020 2381 1108 2460; x_wconf 83' lang='lat' dir='ltr'><strong>fuga.</strong></span> <span class='ocrx_word' id='word_1_154' title='bbox 1151 2381 1305 2447; x_wconf 84' lang='lat' dir='ltr'><strong>Turbata</strong></span> 
     </span>
     <span class='ocr_line' id='line_1_21' title="bbox 204 2483 1304 2567; baseline -0.001 -17"><span class='ocrx_word' id='word_1_155' title='bbox 204 2487 281 2552; x_wconf 85' lang='lat' dir='ltr'><strong>binc</strong></span> <span class='ocrx_word' id='word_1_156' title='bbox 305 2487 406 2551; x_wconf 85' lang='lat' dir='ltr'><strong>etiam</strong></span> <span class='ocrx_word' id='word_1_157' title='bbox 429 2487 525 2567; x_wconf 88' lang='lat' dir='ltr'><strong>signa</strong></span> <span class='ocrx_word' id='word_1_158' title='bbox 545 2484 729 2565; x_wconf 80' lang='lat' dir='ltr'><strong>legionu&#39;m3</strong></span> <span class='ocrx_word' id='word_1_159' title='bbox 752 2483 916 2566; x_wconf 89' lang='lat' dir='ltr'><strong>multique</strong></span> <span class='ocrx_word' id='word_1_160' title='bbox 935 2485 1063 2565; x_wconf 89' lang='lat' dir='ltr'><strong>impetu</strong></span> <span class='ocrx_word' id='word_1_161' title='bbox 1078 2502 1240 2565; x_wconf 88' lang='lat' dir='ltr'><strong>equorum</strong></span> <span class='ocrx_word' id='word_1_162' title='bbox 1263 2486 1304 2549; x_wconf 83' lang='lat' dir='ltr'><strong>a&#39;c</strong></span> 
     </span>
     <span class='ocr_line' id='line_1_22' title="bbox 204 2585 1305 2669; baseline -0.002 -16"><span class='ocrx_word' id='word_1_163' title='bbox 204 2588 431 2653; x_wconf 81' lang='lat' dir='ltr'><strong>vehiculorum</strong></span> <span class='ocrx_word' id='word_1_164' title='bbox 451 2595 618 2669; x_wconf 89' lang='lat' dir='ltr'><strong>raptorum</strong></span> <span class='ocrx_word' id='word_1_165' title='bbox 646 2604 706 2667; x_wconf 92' lang='lat' dir='ltr'><strong>per</strong></span> <span class='ocrx_word' id='word_1_166' title='bbox 731 2604 847 2666; x_wconf 82' lang='lat' dir='ltr'><strong>agmen</strong></span> <span class='ocrx_word' id='word_1_167' title='bbox 871 2586 985 2649; x_wconf 82' lang='lat' dir='ltr'><strong>obtriti</strong></span> <span class='ocrx_word' id='word_1_168' title='bbox 1010 2585 1240 2666; x_wconf 78' lang='lat' dir='ltr'><strong>antesignani3</strong></span> <span class='ocrx_word' id='word_1_169' title='bbox 1270 2595 1305 2652; x_wconf 86' lang='lat' dir='ltr'><strong>at</strong></span> 
     </span>
     <span class='ocr_line' id='line_1_23' title="bbox 205 2684 1303 2766; baseline -0.003 -12"><span class='ocrx_word' id='word_1_170' title='bbox 205 2691 368 2766; x_wconf 83' lang='lat' dir='ltr'><strong>insecuta,</strong></span> <span class='ocrx_word' id='word_1_171' title='bbox 383 2686 641 2751; x_wconf 86' lang='lat' dir='ltr'><strong>simul&#39;territos</strong></span> <span class='ocrx_word' id='word_1_172' title='bbox 661 2684 775 2749; x_wconf 87' lang='lat' dir='ltr'><strong>hostes</strong></span> <span class='ocrx_word' id='word_1_173' title='bbox 797 2685 890 2761; x_wconf 81' lang='lat' dir='ltr'><strong>vidit,</strong></span> <span class='ocrx_word' id='word_1_174' title='bbox 906 2684 1042 2749; x_wconf 88' lang='lat' dir='ltr'><strong>Gallica</strong></span> <span class='ocrx_word' id='word_1_175' title='bbox 1061 2686 1153 2749; x_wconf 87' lang='lat' dir='ltr'><strong>acies</strong></span> <span class='ocrx_word' id='word_1_176' title='bbox 1175 2688 1303 2751; x_wconf 89' lang='lat' dir='ltr'><strong>nullum</strong></span> 
     </span>
     <span class='ocr_line' id='line_1_24' title="bbox 206 2784 1305 2872; baseline -0.002 -19"><span class='ocrx_word' id='word_1_177' title='bbox 206 2794 354 2872; x_wconf 88' lang='lat' dir='ltr'><strong>spatium</strong></span> <span class='ocrx_word' id='word_1_178' title='bbox 385 2787 569 2871; x_wconf 80' lang='lat' dir='ltr'><strong>respirandi</strong></span> <span class='ocrx_word' id='word_1_179' title='bbox 603 2786 855 2869; x_wconf 83' lang='lat' dir='ltr'><strong>recipiendique</strong></span> <span class='ocrx_word' id='word_1_180' title='bbox 884 2805 922 2849; x_wconf 84' lang='lat' dir='ltr'><strong>se</strong></span> <span class='ocrx_word' id='word_1_181' title='bbox 952 2784 1054 2850; x_wconf 89' lang='lat' dir='ltr'><strong>dedit.</strong></span> <span class='ocrx_word' id='word_1_182' title='bbox 1113 2784 1305 2851; x_wconf 80' lang='lat' dir='ltr'><strong>vociferari</strong></span> 
     </span>
     <span class='ocr_line' id='line_1_25' title="bbox 206 2884 1304 2970; baseline -0.007 -15"><span class='ocrx_word' id='word_1_183' title='bbox 206 2892 369 2968; x_wconf 71' lang='lat' dir='ltr'><strong>Decius,⁴</strong></span> <span class='ocrx_word' id='word_1_184' title='bbox 388 2889 468 2968; x_wconf 84' lang='lat' dir='ltr'><strong>Quo</strong></span> <span class='ocrx_word' id='word_1_185' title='bbox 490 2889 661 2970; x_wconf 79' lang='lat' dir='ltr'><strong>ingerenti</strong></span> <span class='ocrx_word' id='word_1_186' title='bbox 684 2906 829 2969; x_wconf 86' lang='lat' dir='ltr'><strong>quamve</strong></span> <span class='ocrx_word' id='word_1_187' title='bbox 849 2887 884 2948; x_wconf 93' lang='lat' dir='ltr'><strong>in</strong></span> <span class='ocrx_word' id='word_1_188' title='bbox 906 2886 985 2967; x_wconf 86' lang='lat' dir='ltr'><strong>suga</strong></span> <span class='ocrx_word' id='word_1_189' title='bbox 1002 2904 1095 2967; x_wconf 86' lang='lat' dir='ltr'><strong>spem</strong></span> <span class='ocrx_word' id='word_1_190' title='bbox 1111 2884 1304 2950; x_wconf 80' lang='lat' dir='ltr'><strong>baberentt&#39;</strong></span> 
     </span>
     <span class='ocr_line' id='line_1_26' title="bbox 205 2985 1304 3066; baseline -0.005 -9"><span class='ocrx_word' id='word_1_191' title='bbox 205 2994 369 3057; x_wconf 88' lang='lat' dir='ltr'><strong>obsistere</strong></span> <span class='ocrx_word' id='word_1_192' title='bbox 392 2991 598 3066; x_wconf 84' lang='lat' dir='ltr'><strong>cedentibus,</strong></span> <span class='ocrx_word' id='word_1_193' title='bbox 614 3009 655 3053; x_wconf 88' lang='lat' dir='ltr'><strong>ae</strong></span> <span class='ocrx_word' id='word_1_194' title='bbox 677 3006 835 3051; x_wconf 84' lang='lat' dir='ltr'><strong>revocare</strong></span> <span class='ocrx_word' id='word_1_195' title='bbox 852 2986 958 3049; x_wconf 86' lang='lat' dir='ltr'><strong>fusos.</strong></span> <span class='ocrx_word' id='word_1_196' title='bbox 1002 2985 1145 3061; x_wconf 89' lang='lat' dir='ltr'><strong>Deinde,</strong></span> <span class='ocrx_word' id='word_1_197' title='bbox 1162 2988 1304 3052; x_wconf 90' lang='lat' dir='ltr'><strong>utnulla</strong></span> 
     </span>
     <span class='ocr_line' id='line_1_27' title="bbox 205 3085 1304 3176; baseline -0.003 -19"><span class='ocrx_word' id='word_1_198' title='bbox 205 3094 241 3157; x_wconf 83' lang='lat' dir='ltr'><strong>ri</strong></span> <span class='ocrx_word' id='word_1_199' title='bbox 263 3092 435 3176; x_wconf 86' lang='lat' dir='ltr'><strong>perculsos</strong></span> <span class='ocrx_word' id='word_1_200' title='bbox 458 3090 616 3155; x_wconf 88' lang='lat' dir='ltr'><strong>sustinere</strong></span> <span class='ocrx_word' id='word_1_201' title='bbox 638 3096 779 3173; x_wconf 89' lang='lat' dir='ltr'><strong>poterat,</strong></span> <span class='ocrx_word' id='word_1_202' title='bbox 799 3095 926 3171; x_wconf 91' lang='lat' dir='ltr'><strong>patrem</strong></span> <span class='ocrx_word' id='word_1_203' title='bbox 947 3086 989 3150; x_wconf 89' lang='lat' dir='ltr'><strong>P.</strong></span> <span class='ocrx_word' id='word_1_204' title='bbox 1003 3085 1149 3149; x_wconf 85' lang='lat' dir='ltr'><strong>Decium</strong></span> <span class='ocrx_word' id='word_1_205' title='bbox 1172 3090 1304 3157; x_wconf 83' lang='lat' dir='ltr'><strong>nomine</strong></span> 
     </span>
    </p>
   </div>
   <div class='ocr_carea' id='block_1_4' title="bbox 239 3266 634 3333">
    <p class='ocr_par' dir='ltr' id='par_1_5' title="bbox 239 3266 634 3333">
     <span class='ocr_line' id='line_1_28' title="bbox 239 3266 634 3333; baseline -0.003 -17"><span class='ocrx_word' id='word_1_206' title='bbox 239 3274 252 3299; x_wconf 83' lang='lat'><strong>¹⁸</strong></span> <span class='ocrx_word' id='word_1_207' title='bbox 269 3266 325 3317; x_wconf 86' lang='lat' dir='ltr'><strong>Non</strong></span> <span class='ocrx_word' id='word_1_208' title='bbox 336 3273 440 3318; x_wconf 74' lang='lat' dir='ltr'><strong>uuuetor</strong></span> <span class='ocrx_word' id='word_1_209' title='bbox 451 3268 505 3317; x_wconf 78' lang='lat' dir='ltr'><strong>bute</strong></span> <span class='ocrx_word' id='word_1_210' title='bbox 515 3266 634 3333; x_wconf 78' lang='lat' dir='ltr'><strong>strepitui.</strong></span> 
     </span>
    </p>
   </div>
   <div class='ocr_carea' id='block_1_5' title="bbox 703 3408 811 3461">
    <p class='ocr_par' dir='ltr' id='par_1_6' title="bbox 703 3408 811 3461">
     <span class='ocr_line' id='line_1_29' title="bbox 703 3408 811 3461; baseline -0.037 0"><span class='ocrx_word' id='word_1_211' title='bbox 703 3408 811 3461; x_wconf 81' lang='lat' dir='ltr'>NOTAE</span> 
     </span>
    </p>
   </div>
   <div class='ocr_carea' id='block_1_6' title="bbox 205 3503 1305 4251">
    <p class='ocr_par' dir='ltr' id='par_1_7' title="bbox 205 3503 1305 3873">
     <span class='ocr_line' id='line_1_30' title="bbox 207 3503 1303 3572; baseline -0.006 -10"><span class='ocrx_word' id='word_1_212' title='bbox 207 3524 257 3562; x_wconf 92' lang='lat' dir='ltr'><strong>nou</strong></span> <span class='ocrx_word' id='word_1_213' title='bbox 274 3510 364 3559; x_wconf 82' lang='lat' dir='ltr'><strong>erdem</strong></span> <span class='ocrx_word' id='word_1_214' title='bbox 379 3508 522 3572; x_wconf 61' lang='lat' dir='ltr'><strong>patientis?</strong></span> <span class='ocrx_word' id='word_1_215' title='bbox 552 3507 596 3557; x_wconf 83' lang='lat' dir='ltr'><strong>Sic</strong></span> <span class='ocrx_word' id='word_1_216' title='bbox 614 3506 646 3556; x_wconf 81' lang='lat' dir='ltr'><strong>tle</strong></span> <span class='ocrx_word' id='word_1_217' title='bbox 667 3506 735 3556; x_wconf 71' lang='lat' dir='ltr'><strong>(liru-</strong></span> <span class='ocrx_word' id='word_1_218' title='bbox 776 3504 856 3568; x_wconf 82' lang='lat' dir='ltr'><strong>soliti,</strong></span> <span class='ocrx_word' id='word_1_219' title='bbox 866 3503 957 3553; x_wconf 80' lang='lat' dir='ltr'><strong>iisdem</strong></span> <span class='ocrx_word' id='word_1_220' title='bbox 969 3511 1091 3569; x_wconf 83' lang='lat' dir='ltr'><strong>tanquam</strong></span> <span class='ocrx_word' id='word_1_221' title='bbox 1104 3506 1172 3555; x_wconf 81' lang='lat' dir='ltr'><strong>vallo</strong></span> <span class='ocrx_word' id='word_1_222' title='bbox 1192 3506 1230 3555; x_wconf 77' lang='lat' dir='ltr'><strong>usi</strong></span> <span class='ocrx_word' id='word_1_223' title='bbox 1249 3521 1303 3555; x_wconf 87' lang='lat' dir='ltr'><strong>rna·</strong></span> 
     </span>
     <span class='ocr_line' id='line_1_31' title="bbox 205 3580 1303 3650; baseline -0.008 -12"><span class='ocrx_word' id='word_1_224' title='bbox 205 3586 260 3638; x_wconf 82' lang='lat' dir='ltr'><strong>bris</strong></span> <span class='ocrx_word' id='word_1_225' title='bbox 271 3588 447 3650; x_wconf 76' lang='lat' dir='ltr'><strong>Teutonisque</strong></span> <span class='ocrx_word' id='word_1_226' title='bbox 457 3588 549 3636; x_wconf 83' lang='lat' dir='ltr'><strong>Florus</strong></span> <span class='ocrx_word' id='word_1_227' title='bbox 560 3584 605 3633; x_wconf 84' lang='lat' dir='ltr'><strong>lib.</strong></span> <span class='ocrx_word' id='word_1_228' title='bbox 619 3596 662 3633; x_wconf 87' lang='grc' dir='ltr'><strong>ιιι.</strong></span> <span class='ocrx_word' id='word_1_229' title='bbox 674 3598 699 3632; x_wconf 86' lang='lat' dir='ltr'><strong>e.</strong></span> <span class='ocrx_word' id='word_1_230' title='bbox 710 3586 735 3631; x_wconf 72' lang='grc'><strong>8.</strong></span> <span class='ocrx_word' id='word_1_231' title='bbox 776 3580 876 3629; x_wconf 80' lang='lat' dir='ltr'><strong>nicudir</strong></span> <span class='ocrx_word' id='word_1_232' title='bbox 892 3580 1002 3629; x_wconf 76' lang='lat' dir='ltr'><strong>uostris:</strong></span> <span class='ocrx_word' id='word_1_233' title='bbox 1018 3580 1084 3629; x_wconf 70' lang='lat' dir='ltr'><strong>odeo</strong></span> <span class='ocrx_word' id='word_1_234' title='bbox 1099 3589 1129 3631; x_wconf 85' lang='lat' dir='ltr'><strong>ut</strong></span> <span class='ocrx_word' id='word_1_235' title='bbox 1141 3582 1303 3630; x_wconf 84' lang='lat' dir='ltr'><strong>Cimbrorum</strong></span> 
     </span>
     <span class='ocr_line' id='line_1_32' title="bbox 205 3656 1303 3721; baseline -0.007 -10"><span class='ocrx_word' id='word_1_236' title='bbox 205 3670 213 3691; x_wconf 83' lang='lat'>‘</span> <span class='ocrx_word' id='word_1_237' title='bbox 227 3664 320 3711; x_wconf 83' lang='lat' dir='ltr'><strong>Donec</strong></span> <span class='ocrx_word' id='word_1_238' title='bbox 337 3663 435 3711; x_wconf 81' lang='lat' dir='ltr'><strong>invicta</strong></span> <span class='ocrx_word' id='word_1_239' title='bbox 455 3664 500 3711; x_wconf 77' lang='lat' dir='ltr'><strong>illu</strong></span> <span class='ocrx_word' id='word_1_240' title='bbox 517 3660 602 3709; x_wconf 81' lang='lat' dir='ltr'><strong>rabien</strong></span> <span class='ocrx_word' id='word_1_241' title='bbox 614 3666 642 3708; x_wconf 86' lang='lat' dir='ltr'><strong>et</strong></span> <span class='ocrx_word' id='word_1_242' title='bbox 655 3659 736 3721; x_wconf 87' lang='lat' dir='ltr'><strong>impe·</strong></span> <span class='ocrx_word' id='word_1_243' title='bbox 777 3670 881 3713; x_wconf 81' lang='lat' dir='ltr'><strong>rrxorer,</strong></span> <span class='ocrx_word' id='word_1_244' title='bbox 894 3656 969 3705; x_wconf 78' lang='lat' dir='ltr'><strong>victis</strong></span> <span class='ocrx_word' id='word_1_245' title='bbox 981 3656 1090 3715; x_wconf 75' lang='lat' dir='ltr'><strong>meritis,</strong></span> <span class='ocrx_word' id='word_1_246' title='bbox 1101 3656 1166 3718; x_wconf 80' lang='lat' dir='ltr'><strong>iproe</strong></span> <span class='ocrx_word' id='word_1_247' title='bbox 1178 3656 1303 3705; x_wconf 79' lang='lat' dir='ltr'><strong>adversus</strong></span> 
     </span>
     <span class='ocr_line' id='line_1_33' title="bbox 207 3730 1303 3803; baseline -0.011 -14"><span class='ocrx_word' id='word_1_248' title='bbox 207 3748 258 3799; x_wconf 85' lang='lat' dir='ltr'><strong>tur,</strong></span> <span class='ocrx_word' id='word_1_249' title='bbox 266 3753 341 3803; x_wconf 80' lang='lat' dir='ltr'><strong>quem</strong></span> <span class='ocrx_word' id='word_1_250' title='bbox 353 3752 399 3801; x_wconf 93' lang='lat' dir='ltr'><strong>pro</strong></span> <span class='ocrx_word' id='word_1_251' title='bbox 409 3739 505 3787; x_wconf 80' lang='lat' dir='ltr'><strong>virtute</strong></span> <span class='ocrx_word' id='word_1_252' title='bbox 515 3732 619 3785; x_wconf 82' lang='lat' dir='ltr'><strong>barbarl</strong></span> <span class='ocrx_word' id='word_1_253' title='bbox 629 3732 736 3794; x_wconf 82' lang='lat' dir='ltr'><strong>babent,</strong></span> <span class='ocrx_word' id='word_1_254' title='bbox 777 3732 907 3783; x_wconf 83' lang='lat' dir='ltr'><strong>Romanor</strong></span> <span class='ocrx_word' id='word_1_255' title='bbox 926 3748 958 3782; x_wconf 77' lang='lat' dir='ltr'><strong>er</strong></span> <span class='ocrx_word' id='word_1_256' title='bbox 977 3732 1088 3795; x_wconf 78' lang='lat' dir='ltr'><strong>objectis</strong></span> <span class='ocrx_word' id='word_1_257' title='bbox 1105 3731 1220 3794; x_wconf 85' lang='lat' dir='ltr'><strong>undique</strong></span> <span class='ocrx_word' id='word_1_258' title='bbox 1232 3730 1303 3791; x_wconf 79' lang='lat' dir='ltr'><strong>plau·</strong></span> 
     </span>
     <span class='ocr_line' id='line_1_34' title="bbox 207 3807 1305 3873; baseline -0.014 -7"><span class='ocrx_word' id='word_1_259' title='bbox 207 3814 423 3866; x_wconf 71' lang='lat' dir='ltr'><strong>consenesceret!</strong></span> <span class='ocrx_word' id='word_1_260' title='bbox 774 3809 836 3858; x_wconf 77' lang='lat' dir='ltr'><strong>stris</strong></span> <span class='ocrx_word' id='word_1_261' title='bbox 858 3816 939 3873; x_wconf 81' lang='lat' dir='ltr'><strong>atqua</strong></span> <span class='ocrx_word' id='word_1_262' title='bbox 962 3809 1095 3870; x_wconf 75' lang='lat' dir='ltr'><strong>carpentis</strong></span> <span class='ocrx_word' id='word_1_263' title='bbox 1123 3807 1305 3867; x_wconf 78' lang='lat' dir='ltr'><strong>pugnaverint.</strong></span> 
     </span>
    </p>

    <p class='ocr_par' dir='ltr' id='par_1_8' title="bbox 207 3879 1304 4251">
     <span class='ocr_line' id='line_1_35' title="bbox 239 3879 1304 3950; baseline -0.011 -11"><span class='ocrx_word' id='word_1_264' title='bbox 239 3888 502 3950; x_wconf 66' lang='lat' dir='ltr'><strong>retrectantem</strong></span> <span class='ocrx_word' id='word_1_265' title='bbox 517 3885 664 3949; x_wconf 68' lang='lat' dir='ltr'><strong>mpmrtuu]</strong></span> <span class='ocrx_word' id='word_1_266' title='bbox 690 3886 735 3935; x_wconf 80' lang='lat' dir='ltr'><strong>Er·</strong></span> <span class='ocrx_word' id='word_1_267' title='bbox 776 3884 829 3933; x_wconf 80' lang='lat' dir='ltr'><strong>lile</strong></span> <span class='ocrx_word' id='word_1_268' title='bbox 850 3896 983 3931; x_wconf 71' lang='lat' dir='ltr'><strong>atrorum</strong></span> <span class='ocrx_word' id='word_1_269' title='bbox 1003 3894 1063 3929; x_wconf 82' lang='lat' dir='ltr'><strong>orus</strong></span> <span class='ocrx_word' id='word_1_270' title='bbox 1083 3879 1166 3927; x_wconf 77' lang='lat' dir='ltr'><strong>adbuc</strong></span> <span class='ocrx_word' id='word_1_271' title='bbox 1186 3888 1304 3942; x_wconf 82' lang='lat' dir='ltr'><strong>tempore</strong></span> 
     </span>
     <span class='ocr_line' id='line_1_36' title="bbox 208 3953 1304 4017; baseline -0.014 0"><span class='ocrx_word' id='word_1_272' title='bbox 208 3966 298 4017; x_wconf 79' lang='lat' dir='ltr'><strong>redum</strong></span> <span class='ocrx_word' id='word_1_273' title='bbox 310 3965 404 4016; x_wconf 73' lang='lat' dir='ltr'><strong>Gallici</strong></span> <span class='ocrx_word' id='word_1_274' title='bbox 424 3978 455 4012; x_wconf 82' lang='lat' dir='ltr'><strong>oc</strong></span> <span class='ocrx_word' id='word_1_275' title='bbox 470 3963 612 4011; x_wconf 82' lang='lat' dir='ltr'><strong>Britannici</strong></span> <span class='ocrx_word' id='word_1_276' title='bbox 625 3960 735 4011; x_wconf 77' lang='lat' dir='ltr'><strong>vehiculi</strong></span> <span class='ocrx_word' id='word_1_277' title='bbox 775 3957 904 4008; x_wconf 77' lang='lat' dir='ltr'><strong>Ammiani</strong></span> <span class='ocrx_word' id='word_1_278' title='bbox 913 3955 972 4016; x_wconf 83' lang='lat' dir='ltr'><strong>fuit,</strong></span> <span class='ocrx_word' id='word_1_279' title='bbox 982 3962 1009 4003; x_wconf 82' lang='lat' dir='ltr'><strong>rt</strong></span> <span class='ocrx_word' id='word_1_280' title='bbox 1018 3968 1125 4016; x_wconf 74' lang='lat' dir='ltr'><strong>carrago</strong></span> <span class='ocrx_word' id='word_1_281' title='bbox 1135 3953 1207 4001; x_wconf 80' lang='lat' dir='ltr'><strong>dictu</strong></span> <span class='ocrx_word' id='word_1_282' title='bbox 1217 3962 1304 4003; x_wconf 74' lang='lat' dir='ltr'><strong>cestra</strong></span> 
     </span>
     <span class='ocr_line' id='line_1_37' title="bbox 207 4027 1304 4105; baseline -0.013 -16"><span class='ocrx_word' id='word_1_283' title='bbox 207 4058 287 4105; x_wconf 72' lang='lat' dir='ltr'><strong>genus</strong></span> <span class='ocrx_word' id='word_1_284' title='bbox 307 4042 375 4091; x_wconf 79' lang='lat' dir='ltr'><strong>tuit:</strong></span> <span class='ocrx_word' id='word_1_285' title='bbox 402 4054 504 4089; x_wconf 78' lang='lat' dir='ltr'><strong>carrum</strong></span> <span class='ocrx_word' id='word_1_286' title='bbox 525 4052 627 4103; x_wconf 85' lang='lat' dir='ltr'><strong>quoque</strong></span> <span class='ocrx_word' id='word_1_287' title='bbox 646 4051 736 4086; x_wconf 80' lang='lat' dir='ltr'><strong>currus</strong></span> <span class='ocrx_word' id='word_1_288' title='bbox 775 4035 814 4084; x_wconf 79' lang='lat' dir='ltr'><strong>ric</strong></span> <span class='ocrx_word' id='word_1_289' title='bbox 831 4033 939 4081; x_wconf 76' lang='lat' dir='ltr'><strong>munita.</strong></span> <span class='ocrx_word' id='word_1_290' title='bbox 972 4028 1050 4079; x_wconf 80' lang='lat' dir='ltr'><strong>Hand</strong></span> <span class='ocrx_word' id='word_1_291' title='bbox 1068 4027 1195 4077; x_wconf 76' lang='lat' dir='ltr'><strong>absimiles</strong></span> <span class='ocrx_word' id='word_1_292' title='bbox 1211 4028 1304 4076; x_wconf 82' lang='lat' dir='ltr'><strong>Perra-</strong></span> 
     </span>
     <span class='ocr_line' id='line_1_38' title="bbox 207 4102 1303 4181; baseline -0.015 -14"><span class='ocrx_word' id='word_1_293' title='bbox 207 4125 319 4181; x_wconf 84' lang='lat' dir='ltr'><strong>quatuor</strong></span> <span class='ocrx_word' id='word_1_294' title='bbox 338 4126 462 4179; x_wconf 80' lang='lat' dir='ltr'><strong>rotarum,</strong></span> <span class='ocrx_word' id='word_1_295' title='bbox 483 4114 627 4177; x_wconf 73' lang='lat' dir='ltr'><strong>eujusmodi</strong></span> <span class='ocrx_word' id='word_1_296' title='bbox 647 4112 734 4161; x_wconf 84' lang='lat' dir='ltr'><strong>militi·</strong></span> <span class='ocrx_word' id='word_1_297' title='bbox 777 4123 833 4158; x_wconf 87' lang='lat' dir='ltr'><strong>rum</strong></span> <span class='ocrx_word' id='word_1_298' title='bbox 853 4105 944 4156; x_wconf 81' lang='lat' dir='ltr'><strong>falcati</strong></span> <span class='ocrx_word' id='word_1_299' title='bbox 963 4119 1063 4165; x_wconf 77' lang='lat' dir='ltr'><strong>currus,</strong></span> <span class='ocrx_word' id='word_1_300' title='bbox 1080 4116 1188 4166; x_wconf 89' lang='lat' dir='ltr'><strong>quorum</strong></span> <span class='ocrx_word' id='word_1_301' title='bbox 1208 4102 1303 4166; x_wconf 83' lang='lat' dir='ltr'><strong>rrepiur</strong></span> 
     </span>
     <span class='ocr_line' id='line_1_39' title="bbox 208 4177 1216 4251; baseline -0.012 -10"><span class='ocrx_word' id='word_1_302' title='bbox 208 4192 255 4241; x_wconf 83' lang='lat' dir='ltr'><strong>bur</strong></span> <span class='ocrx_word' id='word_1_303' title='bbox 275 4193 330 4241; x_wconf 81' lang='lat' dir='ltr'><strong>usui</strong></span> <span class='ocrx_word' id='word_1_304' title='bbox 350 4192 382 4241; x_wconf 82' lang='lat' dir='ltr'><strong>ad</strong></span> <span class='ocrx_word' id='word_1_305' title='bbox 405 4190 522 4240; x_wconf 71' lang='lat' dir='ltr'><strong>vellendo</strong></span> <span class='ocrx_word' id='word_1_306' title='bbox 542 4188 736 4251; x_wconf 79' lang='lat' dir='ltr'><strong>impedimenta.</strong></span> <span class='ocrx_word' id='word_1_307' title='bbox 778 4183 894 4241; x_wconf 80' lang='lat' dir='ltr'><strong>meminit</strong></span> <span class='ocrx_word' id='word_1_308' title='bbox 904 4184 973 4233; x_wconf 84' lang='lat' dir='ltr'><strong>luter</strong></span> <span class='ocrx_word' id='word_1_309' title='bbox 983 4187 1086 4231; x_wconf 76' lang='lat' dir='ltr'><strong>eeteros</strong></span> <span class='ocrx_word' id='word_1_310' title='bbox 1098 4179 1131 4231; x_wconf 79' lang='lat' dir='ltr'><strong>Q,</strong></span> <span class='ocrx_word' id='word_1_311' title='bbox 1143 4177 1216 4229; x_wconf 65' lang='lat' dir='ltr'><strong>Curt-</strong></span> 
     </span>
    </p>
   </div>
   <div class='ocr_carea' id='block_1_7' title="bbox 207 4264 736 4330">
    <p class='ocr_par' dir='ltr' id='par_1_9' title="bbox 207 4264 736 4330">
     <span class='ocr_line' id='line_1_40' title="bbox 207 4264 736 4330; baseline -0.013 -13"><span class='ocrx_word' id='word_1_312' title='bbox 207 4266 247 4317; x_wconf 79' lang='lat' dir='ltr'><strong>ux</strong></span> <span class='ocrx_word' id='word_1_313' title='bbox 258 4266 297 4315; x_wconf 82' lang='lat' dir='ltr'><strong>bis</strong></span> <span class='ocrx_word' id='word_1_314' title='bbox 310 4266 379 4317; x_wconf 79' lang='lat' dir='ltr'><strong>uult</strong></span> <span class='ocrx_word' id='word_1_315' title='bbox 390 4264 736 4330; x_wconf 81' lang='lat' dir='ltr'><strong>ceteriqueCeltrepugnrre</strong></span> 
     </span>
    </p>
   </div>
   <div class='ocr_carea' id='block_1_8' title="bbox 0 0 1583 4942">
    <p class='ocr_par' dir='ltr' id='par_1_10' title="bbox 0 0 1583 4942">
     <span class='ocr_line' id='line_1_41' title="bbox 0 0 1583 4942; baseline 0 0"><span class='ocrx_word' id='word_1_316' title='bbox 0 0 1583 4942; x_wconf 95' lang='lat' dir='ltr'><strong> </strong></span> 
     </span>
    </p>
   </div>
  </div>
 </body>
</html>
