3150 4942
545 426 616 475 ιιι.
641 425 722 475 ιιιι.
747 426 829 475 ear.
852 410 907 475 24.
1182 408 1269 472 1159

178 567 368 647 conditam3
385 564 689 651 Alexandrumque,
701 568 796 651 Epiri
811 575 949 649 regeml‘
964 567 1008 630 ab
1017 566 1117 631 exule
1131 564 1267 631 Lucano

177 667 400 743 interiectum,
427 674 558 732 sortesq
581 668 752 733 Dodonaei
781 668 901 732 sevis*
928 672 1049 731 eventu
1075 664 1267 731 affirmasse.

176 766 299 831 Accito
315 768 357 831 ab
379 769 567 835 Tarentinis
588 771 623 832 in
638 770 772 833 Italiam
788 771 866 834 data
880 769 986 833 dictio
1001 772 1094 843 arat:
1117 770 1267 832 ‘caveret

175 864 396 933 Acherusiam
412 870 556 954 aquam,‘
576 869 849 954 Pandosiamque
863 871 991 934 urbam:
1003 876 1017 904 ¹¹
1038 868 1087 931 ibi
1100 866 1181 931 fatie
1194 865 1266 948 ejus

663 1047 775 1101 Nom

175 1145 223 1208 uit,
240 1145 272 1195 ab
291 1138 403 1195 Eusebio
414 1159 465 1195 non
475 1145 632 1197 abhorrebit.
659 1146 703 1209 lp·
740 1146 829 1196 barum
841 1138 943 1196 nomine
955 1146 1064 1210 intelligi
1076 1150 1182 1210 potuere
1193 1151 1266 1195 ratd-

176 1235 204 1270 ae
212 1220 359 1270 Alexander
367 1221 477 1271 Macedo
486 1222 634 1283 obtitjuxta
642 1235 702 1269 eun·
739 1223 943 1279 tenacemque,
955 1238 1002 1286 per
1012 1235 1077 1286 quaa
1092 1222 1195 1271 oracula
1206 1220 1267 1270 eda·

177 1294 235 1344 dem
249 1294 329 1344 Diod.
340 1308 408 1343 anne
420 1297 491 1359 regui
501 1298 541 1343 11.
552 1294 596 1359 qui
608 1296 704 1357 primm
739 1297 840 1348 buntur.
857 1296 969 1347 Videtur
979 1297 1021 1346 lric
1031 1296 1102 1346 locu·
1113 1295 1139 1344 in
1151 1309 1181 1344 ea
1194 1292 1268 1357 Epiri

177 1379 217 1420 eat
236 1370 399 1433 Olympiadia
412 1374 469 1420 111.
482 1369 615 1420 Archnnte
627 1370 703 1433 AEge·
739 1372 914 1436 perminima,
925 1372 968 1443 ubi
980 1370 1186 1420 unnedemaiau.

177 1446 225 1505 ala,
247 1460 310 1495 coar.
336 1447 367 1495 c.
387 1446 516 1509 Pompilio
537 1453 565 1495 at
587 1446 703 1508 Papirio.
771 1448 864 1497 'Data
881 1447 955 1496 dictio
971 1445 1036 1507 emt]
1054 1446 1151 1494 causet
1167 1445 1265 1496 Turne·

177 1520 231 1569 Sed
249 1533 322 1570 error
338 1520 365 1569 iu
382 1520 474 1584 priori·
484 1521 598 1569 eouaulia
609 1534 702 1569 nemen
737 1522 785 1573 bna
798 1524 939 1573 dictionem
946 1536 994 1586 pro
1002 1522 1106 1570 oracula
1113 1520 1188 1576 anmi.
1196 1520 1265 1584 qnod

175 1593 298 1657 irrepsit:
323 1595 450 1645 iudicatur
466 1596 534 1645 euim
555 1597 610 1659 ipae
629 1597 702 1660 hrrjua
739 1613 755 1647 a
771 1599 873 1650 Gracia
883 1599 987 1650 oracula
999 1596 1129 1647 interdum
1139 1594 1211 1656 etym
1222 1611 1264 1645 re·

175 1670 236 1718 anui
247 1672 403 1733 contuimur,
420 1672 450 1721 L.
469 1672 585 1720 nimirum
602 1671 701 1735 Papirii
738 1682 839 1736 centur,
851 1682 879 1724 ut
891 1672 961 1738 apud
979 1672 1138 1722 Pacuvium:
1155 1671 1266 1731 ‘Flam

175 1744 302 1806 Curacria,
310 1753 337 1795 et
350 1746 379 1796 C.
392 1748 495 1797 Poetelii
507 1747 619 1798 Libonia.
635 1762 638 1767 ·
738 1764 788 1799 nou
801 1749 864 1799 ialaa
874 1760 1008 1799 autumare
1020 1747 1100 1796 dictio
1109 1744 1217 1808 Delplria
1225 1758 1266 1795 acb

205 1828 218 1863 ¹
233 1822 452 1886 Alexandrumque,
476 1824 547 1885 Epiri
566 1825 658 1888 regam]
676 1824 701 1874 A
738 1824 802 1873 laid
826 1825 918 1887 quibua
936 1822 1022 1874 verbis
1039 1820 1266 1883 aignifieaturora·

172 1898 306 1946 consulatu
317 1898 348 1946 T.
360 1898 450 1948 Manlii
463 1899 587 1962 Torquati
599 1914 655 1949 enm
667 1901 700 1951 Ρ.
738 1902 797 1949 cula
817 1899 948 1963 Delphica
966 1911 1094 1960 nunquam
1115 1896 1182 1943 falna
1198 1908 1265 1957 aeae,

172 1972 258 2022 Decio
278 1973 364 2029 Mure,
383 1987 433 2037 quo
451 1975 478 2023 iu
497 1974 599 2023 ltaliam
619 1982 702 2023 traua·
738 1983 876 2038 utcumque
889 1980 1002 2023 tortueaa
1016 1971 1084 2019 aiat:
1103 1970 1171 2018 nude
1183 1968 1264 2031 Apol·

171 2061 275 2109 gremna
287 2047 328 2096 hic
339 2047 489 2099 Alexander
505 2055 664 2098 memoratur
675 2062 699 2098 c.
737 2050 762 2095 lo
773 2048 856 2107 Aeetae
869 2047 964 2102 dietua,
975 2044 1048 2108 quari
1058 2055 1147 2091 vocem
1163 2042 1262 2111 habena

171 2124 196 2169 Β.
207 2121 282 2183 uulua
293 2123 364 2184 libri,
379 2124 421 2173 hic
433 2138 514 2173 annua
529 2131 570 2172 eat
585 2123 699 2173 decimae
735 2122 873 2186 obliquam.
888 2121 1028 2170 Oraculum
1037 2116 1264 2179 porrolnuicAlex·

170 2204 289 2260 quartur.
328 2199 412 2249 'l'anto
433 2200 513 2263 igitur
536 2206 651 2262 tempore
672 2200 699 2249 iu
736 2196 818 2245 andro
827 2194 956 2244 redditum
965 2190 1221 2256 itavulgorel'ernnt‚
1232 2199 1263 2242 ut

171 2271 251 2319 ltalia
263 2272 378 2322 bellavit.
735 2270 829 2321 nudam
851 2268 1035 2319 Acherualnam
1055 2266 1262 2331 Paudoaiamqna

203 2354 216 2388 1
233 2346 327 2410 Serta]
345 2348 426 2397 Sortes
437 2362 483 2412 pro
493 2348 604 2398 oraculis
616 2346 698 2410 accipi
736 2347 819 2396 uitare
824 2346 971 2409 juberetur,
981 2342 1145 2406 indaqnippe
1154 2348 1264 2391 mertem
1353 2356 1357 2361 ’

170 2424 271 2474 tritum.
294 2423 371 2488 Apud
379 2425 535 2487 virgulum
548 2424 635 2486 Lyciae
644 2436 697 2471 aor-
735 2422 759 2469 el
781 2428 907 2481 paratam.
942 2418 979 2468 At
995 2416 1091 2466 Strabo
1111 2416 1149 2465 aie
1168 2416 1264 2465 recitat

171 2498 232 2548 ter!
270 2500 305 2549 Et
321 2500 458 2563 npudCic.
474 2512 506 2548 ιι.
527 2500 560 2547 da
579 2497 697 2547 Dlriuat.
733 2494 873 2543 dictionem
889 2494 972 2540 hauet
992 2488 1263 2553 nvtwterpmdam,
1308 2556 1315 2567 .

170 2578 178 2601 ⁸
190 2572 252 2621 Sora
264 2573 307 2621 illa
324 2572 394 2622 edite
412 2580 452 2621 eat
472 2574 577 2624 Croeaor
594 2573 697 2621 Croeane
734 2571 876 2621 πολύνποτε
886 2567 1074 2618 normanus
1087 2569 1112 2617 id
1122 2568 1263 2630 eat‚‘Pau·

169 2646 258 2712 Halyn
270 2645 413 2711 auperana,’
429 2650 479 2695 &a
507 2644 641 2695 Differunt
658 2654 698 2695 ta·
735 2646 809 2695 doaia
826 2646 957 2707 ingentem
975 2652 1017 2692 eat
1028 2643 1150 2706 populum
1162 2643 1262 2691 extinc-

170 2732 328 2773 menaortea
345 2724 378 2771 rb
396 2722 514 2772 oraculia.
548 2722 614 2771 linc
629 2722 697 2771 enim
735 2730 794 2772 tnta
804 2720 950 2771 trivertex!
965 2718 1043 2769 Unde
1054 2718 1091 2767 ait
1101 2718 1128 2767 iu
1139 2732 1194 2765 eam
1206 2718 1261 2781 opi·

171 2797 277 2861 proprie
294 2804 354 2846 aunt
370 2796 575 2860 vaticinationea²
584 2810 641 2860 quaa
653 2810 698 2846 ore
735 2798 837 2847 aionem
847 2797 946 2845 veniere
959 2796 1026 2843 hune
1037 2792 1220 2846 Alexandrum,
1231 2799 1262 2841 ut

169 2870 325 2929 funduntur,
334 2886 392 2936 qua
403 2878 431 2919 et
440 2872 697 2934 reaponaaappallan·
735 2872 906 2932 existimaret,
917 2884 969 2919 uon
980 2866 1143 2925 anorum,aed
1154 2866 1264 2915 huetium

170 2952 230 2995 tur:
248 2954 331 2997 annea
347 2952 433 2995 autem
451 2954 510 2995 aunt
527 2944 599 2995 dieta
614 2945 698 2995 literia
735 2948 834 2997 cladem
846 2945 969 3009 praedici3
986 2958 1037 3007 qua
1048 2942 1149 2991 ratione
1160 2942 1264 2990 Croeaua

171 3022 332 3084 contignata,
344 3035 401 3084 qum
419 3022 492 3083 pueri
503 3035 578 3069 mauu
590 3021 699 3071 mircen·
736 3036 838 3088 quoqpe
849 3019 953 3068 deluam
962 3017 1059 3066 luerat.

153 3086 155 3091 ’
170 3104 221 3160 tur,
240 3104 267 3145 at
286 3096 431 3145 educuntur
447 3110 480 3144 ex
497 3108 698 3157 ornamenta,
768 3089 1261 3156 ‘Acleraaiuuaqaamldaacnaaat'l'haa-

171 3172 197 3220 iu
209 3170 277 3235 quod
288 3171 407 3232 conjecta
424 3174 490 3217 aunt.
523 3169 609 3231 Hujua
622 3182 698 3232 gene·
736 3172 831 3237 protiaa
845 3172 872 3220 in
883 3169 974 3232 Epiro,
985 3167 1054 3215 nude
1065 3164 1185 3215 Acheron
1200 3177 1260 3226 pre·

171 3246 206 3295 rla
217 3246 321 3295 erarula
334 3245 401 3309 apud
419 3244 552 3294 Dodouam
564 3246 589 3291 iu
602 3258 649 3293 nau
660 3244 699 3294 tu-
735 3245 818 3296 tinem
840 3256 959 3308 paaauurn
974 3242 1035 3290 inde
1051 3245 1092 3290 ad.
1108 3239 1220 3290 millibna
1234 3239 1262 3289 in

171 3320 222 3369 iane
234 3320 357 3369 dlaclmua
377 3332 409 3367 ex
428 3318 517 3368 eodem
529 3318 614 3367 Tullio
625 3317 669 3369 ut.
680 3333 699 3367 r·
735 3320 818 3369 ainnm
831 3317 997 3367 Ambracium
1007 3313 1113 3365 delinit:
1126 3328 1202 3378 quem
1214 3313 1261 3363 llu-

171 3394 268 3444 landari
280 3393 425 3457 pauioaute
436 3394 530 3457 operia.
736 3396 807 3443 rinna
827 3393 898 3442 mille
920 3404 1041 3454 paaannm
1060 3395 1140 3452 pente
1159 3388 1263 3437 mirabi-

203 3470 346 3519 'Dodoaoel
373 3470 454 3532 deuia]
489 3467 598 3517 Dodona
623 3468 697 3531 Epiri
737 3470 788 3518 lem
814 3467 900 3519 omnia
921 3480 968 3515 aua
988 3462 1140 3514 mirantibna
1162 3462 1262 3513 Gracia

171 3544 233 3595 urba
243 3547 269 3595 iu
285 3545 406 3595 Melania
426 3559 458 3593 ex
476 3544 571 3606 Plinio,
581 3558 613 3591 ex
625 3544 697 3593 Stra·
738 3546 839 3595 Plinius
850 3546 895 3593 ait.
926 3544 1026 3593 Eodem
1036 3543 1138 3592 nomine
1150 3542 1223 3605 paint
1234 3543 1262 3593 iu

170 3620 239 3671 bone
250 3620 276 3671 ln
287 3620 449 3684 l'lrelpmtia,
462 3633 550 3668 verena
560 3618 697 3668 'l'heaaaliaa
737 3622 815 3672 Italia
826 3621 913 3671 cantia
924 3620 1016 3679 vicina,
1032 3634 1083 3669 non
1098 3620 1261 3668 Bruttiorum

171 3695 291 3754 confinia,
303 3695 335 3745 ad
346 3694 449 3744 flurium
462 3692 577 3757 ejuadem
590 3693 698 3741 neminie
737 3697 853 3761 regione,
864 3696 909 3746 ubi
919 3695 991 3759 Epiri
1002 3696 1070 3743 hune
1083 3708 1170 3757 regem
1187 3706 1263 3741 vem.

171 3770 213 3833 qrrl
223 3770 249 3820 in
260 3772 433 3821 Acherontem
442 3770 545 3819 labitur.
564 3768 604 3819 lbi
613 3776 699 3817 vetut·
739 3778 766 3822 ιο
782 3774 946 3821 interemtum
962 3784 1020 3819 eaae
1033 3775 1144 3819 eonatat.
1176 3768 1265 3819 Quare

171 3847 297 3897 1111111111111
308 3846 381 3899 Jovia
400 3847 522 3909 templum
543 3842 653 3893 ornatilia
669 3842 699 3891 ll'·
739 3854 818 3896 eaute
831 3846 918 3895 Liuius
936 3859 987 3893 non
1003 3842 1171 3892 Achemiam
1191 3842 1263 3903 palu.

171 3923 262 3979 inrue,
273 3936 304 3971 ae
316 3936 404 3971 uemua
415 3922 516 3985 ingena,
526 3921 552 3968 in
565 3932 616 3983 qno
627 3919 699 3968 fabu-
739 3922 797 3971 dem
806 3921 882 3985 dixit,
892 3920 937 3969 aed
949 3918 1102 3969 Ameana
1111 3930 1202 3979 aqam
1227 3918 1264 3966 Et

172 4003 259 4053 lautnr
275 4000 337 4051 duaa
356 4002 417 4050 olim
434 3998 565 4050 columbae
577 4011 591 4045 e
602 4010 699 4062 quercu
738 3996 856 4047 lustinus
872 3996 890 4043 1.
913 4006 964 4042 ιιι.
978 4006 1002 4043 e.
1024 3998 1048 4042 l.
1072 3991 1262 4041 ‘Achomaium

171 4079 260 4130 futura
272 4080 471 4144 praenudatae:
489 4089 595 4141 quarum
605 4074 699 4123 deinde
739 4069 859 4120 flumen?
885 4066 979 4116 Strabo
1001 4066 1097 4115 clarina
1116 4065 1263 4115 ‘Acherou-

172 4156 256 4205 attera
276 4156 401 4219 Delptrm,
419 4154 501 4202 altera
523 4150 556 4199 ari
577 4150 699 4212 templum
741 4142 812 4197 temt'
830 4140 898 4206 quod
916 4154 1004 4190 Vtrum
1020 4139 1045 4188 ei
1063 4138 1141 4189 fluvio
1160 4154 1262 4189 namen·

172 4230 249 4282 levia
269 4231 401 4282 Ammonia
419 4227 569 4279 evolaverit·
598 4226 700 4275 Colum·
741 4219 818 4271 Quod
830 4223 916 4269 autem
926 4214 1219 4281 Acherontinum‚quaai
1230 4216 1263 4266 ab
