3150 4942
352 436 440 503 1338
821 453 854 498 n.
880 451 977 499 nrvrr

352 602 416 677 sit;
439 614 627 679 agmenque
642 594 788 659 bostium
813 584 1010 677 aggreditur.
1054 582 1236 671 Samnites,
1261 582 1422 675 praedatu·

349 700 472 783 pediti,
486 696 713 780 infrequentes
729 696 858 771 armati,
874 714 952 778 pars
973 693 1096 759 addere
1111 694 1262 776 gradum,
1276 712 1317 757 ac
1327 712 1424 776 prara

352 820 446 882 agere
460 798 621 882 praedam,
638 816 717 880 pars
729 804 831 869 stare,
846 796 963 859 incerti
974 802 1083 859 utrum
1096 795 1263 877 progredi,
1274 794 1425 875 auregredi

349 903 386 965 iu
412 908 523 964 castra
550 899 651 963 tutius
673 897 770 973 soret,
793 898 879 961 inter
905 894 1180 959 cunctationem⁶
1214 896 1425 978 opprimuntur.

351 1001 395 1067 Et
417 1001 565 1065 Romani
585 999 658 1083 jam
683 996 958 1061 transcenderant
983 997 1118 1072 vallum,
1139 996 1319 1080 caedesque
1334 1015 1370 1058 ac
1388 1003 1425 1055 tu-

352 1102 478 1166 multus
490 1107 559 1164 erat
572 1098 743 1163 incastris.
765 1097 969 1161 Samnitium
980 1116 1108 1179 agmen,
1119 1105 1339 1181 praeterquam
1347 1096 1426 1161 bosd-

350 1204 375 1267 li
392 1202 544 1273 tumultu,
554 1201 762 1281 captivorum
772 1201 875 1262 etiam
887 1199 1062 1279 repentina
1073 1199 1271 1263 desectione
1283 1199 1426 1260 turbatum

350 1308 442 1380 erat3
465 1302 526 1384 qui
542 1299 661 1383 partim
677 1298 746 1381 ipsi
762 1298 862 1363 soluti
876 1298 1008 1361 vinctos
1022 1299 1209 1377 solvebant,
1225 1298 1344 1382 partim
1355 1316 1425 1361 ama

350 1404 385 1467 in
411 1401 549 1465 sarcinis
575 1401 723 1483 deligata
745 1400 934 1481 rapiebant,
960 1398 1218 1481 tumultumque,
1238 1399 1351 1480 praelio
1368 1400 1425 1478 ipso

351 1502 592 1578 terribiliorem,
613 1502 792 1566 intermixti
809 1501 930 1581 agmini
947 1500 1149 1582 praebebant.
1195 1498 1426 1564 Memoraadun

350 1602 471 1667 deinde
486 1603 619 1667 edidere
641 1603 794 1667 facinusr
815 1622 892 1665 uam
915 1602 1047 1665 Staium
1072 1602 1289 1665 Minacium⁷
1310 1594 1428 1672 ducatu,f

351 1704 529 1767 adeuntem
544 1703 676 1767 ordines
697 1702 963 1785 hortantemque,
988 1702 1161 1778 invadunt,
1186 1700 1427 1785 dissipatisiude

350 1806 531 1887 equitibrm,
555 1806 702 1889 quicum
719 1822 759 1867 eo
775 1804 924 1878 aderant,
943 1803 1055 1883 ipsum
1081 1802 1345 1878 circumsistunt,
1365 1798 1425 1863 imi

350 1904 550 1988 dentemque
573 1924 660 1988 equo
686 1912 825 1987 captum
841 1904 885 1967 ad
905 1902 1076 1966 consulam
1094 1900 1287 1969 Romanum
1308 1903 1427 1984 rapiunt.

351 2006 527 2073 Revocata
543 2028 584 2071 eo
596 2008 735 2071 tumultu
750 2008 857 2088 prima
871 2006 970 2086 signa
992 2004 1211 2068 Samnitium:
1236 2006 1428 2089 praeliumque

345 2110 417 2192 jam
446 2109 652 2190 profligatum
678 2108 875 2186 integratum
899 2112 961 2180 eat,
988 2124 1052 2168 nec
1077 2105 1205 2168 diutius
1219 2107 1427 2185 susfineripo·

352 2208 443 2273 tuit.⁸
488 2208 592 2273 Caesa
608 2208 651 2272 ad
676 2227 738 2271 sex
762 2206 869 2269 millia
883 2204 1077 2279 hominum:
1099 2206 1167 2270 duo
1183 2207 1293 2273 millia
1307 2213 1339 2269 et
1350 2202 1427 2288 quin·

349 2311 438 2390 genti
454 2312 566 2392 capti:
590 2311 623 2374 in
640 2312 689 2373 eis
702 2298 830 2371 tribuni⁴
841 2308 983 2371 militum
1000 2314 1164 2390 quatuor3
1185 2307 1283 2389 signa
1297 2305 1426 2371 militaria

350 2410 502 2491 triginta:
525 2418 569 2486 et,
587 2410 674 2499 quod
698 2408 908 2473 laetissimum
932 2409 1118 2472 victoribus
1138 2409 1214 2486 suit,
1239 2409 1426 2491 captivorum

350 2520 485 2591 recepta
502 2520 630 2594 septam
647 2511 752 2575 millia
763 2510 1058 2593 etquadringanti;
1074 2510 1193 2593 praeda
1206 2512 1323 2591 ingens
1338 2509 1426 2571 socio·

349 2627 440 2672 rum:
464 2613 630 2693 accitique
652 2611 765 2675 edicto
781 2612 909 2675 domini
930 2612 973 2677 ad
995 2632 1048 2675 ree
1063 2632 1144 2676 suas
1166 2612 1352 2676 noscendas
1364 2605 1426 2671 reci·

348 2710 568 2793 piendasque.
613 2711 811 2777 Praestituta
826 2712 892 2789 die,
912 2733 1051 2797 quarum
1066 2732 1171 2779 rerum
1186 2732 1255 2777 non
1270 2713 1374 2777 extitit
1382 2709 1427 2770 do

349 2811 469 2888 minoe,
485 2813 584 2877 militi
595 2832 779 2888 concessae,
793 2815 967 2896 coactique
981 2814 1120 2877 vendere
1132 2813 1297 2897 praedam,
1306 2810 1425 2883 nealibi,

350 2932 450 2995 quam
462 2916 495 2977 iu
513 2916 626 3007 armis,
641 2915 787 2979 animum
803 2914 967 2978 habereut.

392 3014 446 3079 21.
469 3015 628 3099 Magnum
643 3035 685 3079 ea
700 3016 878 3099 populatio
894 3015 1061 3099 Campani
1084 3017 1155 3097 agri
1176 3017 1351 3080 tumultum
1366 3012 1424 3076 aa

349 3134 413 3179 mae
438 3118 646 3199 praebuerat:
680 3125 716 3179 et
742 3136 802 3200 per
826 3136 885 3179 eos
907 3118 993 3179 forte
1007 3117 1079 3180 dies
1093 3136 1136 3179 ex
1152 3116 1288 3180 Etruria
1310 3115 1425 3179 allatum

349 3227 432 3292 erat,
445 3228 523 3301 post
532 3217 712 3281 deductum
723 3217 800 3281 inde
810 3216 1072 3279 Volumnianum
1084 3218 1269 3280 exercitum
1283 3216 1423 3280 Etruriam

351 3319 518 3382 concitam
534 3320 567 3383 in
584 3336 687 3397 arma,
701 3318 894 3385 etGellium
905 3316 1097 3397 Egnatium,
1109 3316 1307 3383 Samnitium
1316 3316 1424 3387 ducem,

350 3625 399 3669 -e
415 3620 446 3669 ln
460 3629 524 3671 retr.
535 3622 595 3671 edd.
606 3624 939 3689 distinnuitrrrtatr'arjoret.
956 3626 1025 3675 later
1034 3628 1264 3682 mactationem-⁷
1281 3628 1323 3677 ΑΙ.
1339 3622 1424 3675 &aaut

351 3686 498 3737 Minatium:
515 3688 549 3737 al.
560 3687 666 3736 Statium
677 3690 817 3749 marera.

842 3802 950 3854 NOTAE

379 3914 499 3965 ‘Staium
516 3918 649 3967 Minucium
664 3915 757 3979 ducem]
778 3918 877 3966 Samni·
916 3932 1047 3981 egressum
1059 3926 1125 3982 erat,
1143 3934 1255 3983 pugnam
1265 3918 1367 3985 quiden,
1383 3923 1422 3975 att

302 4040 307 4049 ,
347 3990 412 4039 tium
424 3991 465 4039 lric
483 3992 536 4040 dux
549 3992 598 4041 fnit
618 3993 650 4042 ab
664 3992 749 4042 Gellio
766 3992 876 4054 Egnatio
916 3990 1243 4057 prodigatumjamt'aerat
1256 3992 1420 4058 perrenota·

348 4064 475 4128 diversus,
488 4067 520 4115 de
533 4082 582 4131 quo
595 4070 671 4131 paulo
683 4080 752 4131 aute,
762 4077 788 4118 et
799 4070 876 4132 paulo
916 4056 986 4130 meir,
995 4070 1082 4133 praeda
1093 4080 1211 4121 onustum
1224 4080 1301 4136 atque
1311 4070 1421 4123 incauto

348 4149 413 4200 ΡΜ·
915 4145 1183 4207 ritum,iuatnnrarit;
1207 4148 1330 4197 rediuea
1345 4140 1421 4189 duntt

380 4220 393 4255 ¹
411 4216 463 4265 Ner
478 4218 570 4266 diatim
587 4218 700 4267 ruatbm'
716 4219 807 4281 putuit]
823 4219 876 4281 Ag·
916 4228 945 4269 et
956 4222 1128 4274 Romanorum
1140 4224 1421 4275 rtmrmrinerenorrt

348 4302 406 4338 men
417 4292 580 4351 Samnitium,
588 4293 655 4357 quad
665 4294 773 4357 primurn
783 4292 876 4343 eartrir
917 4297 976 4347 tuit.
