3150 4942
307 412 394 477 1266
774 426 808 472 v.
831 426 926 475 ιινιι

308 571 452 635 eximius
475 588 524 645 ee,
543 569 580 633 in
604 587 671 651 quo
693 568 757 633 boc
780 569 988 652 praecipuum
1012 588 1054 633 ac
1075 570 1247 651 singulare
1269 570 1410 634 valente

309 672 416 749 Quem
432 678 470 735 tu
484 689 595 751 regem
611 671 847 736 sacrificiorum
858 690 964 744 crees,
975 670 1154 754 ampiexus
1164 674 1258 754 regni
1272 690 1412 746 nomen,

307 778 346 835 ut
361 772 419 854 qui
433 772 561 855 optimo
568 772 642 855 jure
656 792 714 837 rex
732 770 853 837 Rornae
866 780 997 835 creatus
1012 773 1069 849 eit,
1081 778 1229 837 creatum
1245 793 1286 835 ee
1297 772 1411 838 dicet?

309 893 407 955 quem
422 873 572 936 semestri
586 873 763 949 dictatura,
777 892 877 955 quern
894 874 1078 954 interregno
1092 875 1241 957 quinque
1256 875 1414 937 dierum⁴

308 982 499 1039 contentum
526 976 594 1039 iore
619 976 740 1057 puteat
770 992 868 1057 quem
894 974 981 1038 clavi
1005 974 1139 1056 figendi,
1165 981 1224 1037 aot
1248 975 1413 1038 ludorum

309 1090 416 1139 cauae
435 1075 635 1140 dictatorem
656 1076 816 1139 audacter
833 1075 947 1140 creent
991 1074 1104 1153 Quam
1125 1078 1183 1139 inti
1197 1076 1347 1141 atoiidoo
1367 1096 1412 1139 ac

308 1174 469 1239 socordes
491 1175 596 1239 videri
619 1176 752 1240 creditis
767 1194 839 1252 eos,
854 1176 911 1257 qui
929 1176 1014 1240 intra
1030 1176 1225 1239 vicesimum
1240 1176 1347 1251 diem,
1362 1176 1412 1238 in-

308 1277 463 1357 gentibus
485 1280 584 1342 rebus
606 1280 720 1359 gestie,
742 1277 905 1341 dictatura
930 1296 968 1341 sc
993 1276 1243 1353 abdicaverunt,
1267 1282 1330 1340 eut
1352 1278 1412 1359 qui

309 1375 392 1440 vitio
414 1379 516 1443 creati
538 1380 690 1444 abierunt
705 1380 919 1459 magistratu!
964 1376 1059 1456 Quid
1078 1397 1143 1459 ego
1158 1379 1299 1460 antiqua
1313 1395 1413 1459 repe-

310 1479 402 1543 tamt
447 1478 566 1562 Nuper
585 1481 674 1543 intra
699 1479 814 1543 decem
839 1485 963 1542 ιιιιιιοις
987 1477 1028 1543 0.
1053 1477 1223 1541 Maeoioe⁰
1248 1477 1412 1554 dictator,

310 1578 403 1660 quia,
420 1597 497 1643 cnm
518 1582 719 1663 quaestiones
743 1580 903 1655 severius,
918 1598 1019 1661 quam
1043 1578 1247 1661 quibusdam
1262 1580 1412 1660 potenti·

310 1678 374 1741 bus
395 1688 501 1742 tutunr
529 1687 612 1756 erut,
634 1673 810 1755 exerceret,
834 1680 987 1760 contagio
1012 1677 1095 1762 ejus,
1117 1679 1208 1761 quod
1233 1682 1414 1761 quaerebat

309 1780 395 1860 ipae.
416 1780 585 1845 criminie⁶
607 1780 777 1864 objectate
792 1780 836 1845 ab
849 1780 993 1844 inimicis
1006 1787 1101 1856 eet,‘¹’
1121 1788 1160 1843 ut
1172 1781 1328 1863 privatus
1350 1782 1412 1843 ob-

312 1928 433 2052 ώῦἕέ
443 1927 534 2043 itairnr'ci
544 1931 567 1979 ei
577 1929 703 1990 objicerent
713 1931 850 1980 aoeietutenr
860 1928 968 1979 crr'raiair
983 1929 1096 1993 rabitur,
1106 1928 1173 1988 eru'aa
1187 1928 1210 1977 ei
1226 1930 1329 1991 μή
1343 1944 1413 1978 ιιι·

433 2010 446 2041 41
460 2027 467 2042 ι

770 2086 815 2108 m
817 2086 950 2109 ΙΙΙΙΙΙΙ

312 2176 329 2235 ’4
342 2185 420 2248 Vuig.
438 2186 575 2248 interregem
594 2186 694 2250 quiaque
712 2186 850 2236 diebu-b
867 2186 951 2236 ‘Corn
967 2185 1029 2235 inde
1039 2199 1054 2234 a
1065 2185 1196 2235 dictatura
1207 2185 1300 2234 binarii
1310 2185 1356 2233 bie
1367 2186 1413 2233 de-

313 2264 380 2301 ιιιιιιιι
392 2252 497 2313 quintua
508 2266 590 2300 annua
602 2260 734 2312 ageretur,
746 2252 816 2299 varie
827 2259 942 2301 tentatur
954 2260 997 2299 ert
1008 2250 1049 2297 bic
1056 2252 1143 2307 incorr
1155 2250 1414 2313 aiiiaqaiammrr,

312 2314 368 2363 aliia
378 2315 456 2363 decent
466 2316 516 2364 dier
529 2317 683 2377 tegentibus,
693 2315 773 2378 (quod
784 2315 889 2363 volebat
897 2314 964 2364 Tan.
975 2315 1070 2375 Faber,
1079 2314 1154 2376 cnjus
1161 2314 1218 2375 ipra
1228 2312 1309 2361 rerba
1318 2315 1413 2376 rottro-

314 2378 376 2426 tati·
387 2393 466 2427 crura
480 2378 588 2427 addam:
609 2380 617 2407 ⁴
633 2378 715 2428 Hem!
728 2384 819 2429 uarat
829 2380 906 2427 immo
921 2381 981 2427 dier.
1009 2378 1133 2427 Rationer
1145 2390 1197 2426 aon
1208 2376 1337 2439 addaml)
1352 2378 1412 2425 aliia

313 2455 367 2490 rem
386 2442 423 2490 ita
444 2442 644 2504 explicantibus,
663 2444 735 2507 quani
758 2443 846 2492 Livitvr
864 2443 889 2492 iu
912 2442 1041 2491 dictatura
1058 2441 1159 2497 Maeuii,
1175 2441 1263 2505 quoad
1284 2455 1411 2489 annona

313 2506 448 2567 rationem,
466 2507 549 2555 varior
565 2514 685 2555 arrrtorea
703 2515 806 2557 recutita
821 2508 864 2556 ait.
897 2506 973 2559 Quod
990 2506 1117 2568 optimum
1131 2502 1210 2567 iuret,
1221 2506 1270 2554 uiri
1280 2503 1414 2554 funebre

314 2570 405 2617 mettun
418 2571 462 2625 nit,
473 2577 501 2617 ut
511 2570 591 2629 dicar,
602 2570 703 2619 Livium
715 2584 765 2619 nou
776 2576 832 2621 arte
843 2570 888 2620 red
899 2569 965 2620 tarr·
974 2571 1052 2619 detera
1061 2584 1135 2619 aaaer
1145 2571 1243 2631 duero,
1252 2570 1412 2633 ”quemn

315 2632 364 2679 aibi
387 2634 589 2692 contradicam
611 2635 688 2680 derna
716 2649 790 2682 maor
815 2636 853 2683 ait
879 2649 927 2697 pro
954 2633 1091 2694 decennio,
1117 2641 1148 2681 ut
1174 2646 1254 2695 rnpra
1280 2648 1341 2696 cap.
1371 2637 1412 2682 la.

315 2700 322 2723 ¹
333 2696 560 2756 octingenterbnur
573 2694 671 2744 annua'
682 2710 729 2759 pro
740 2704 834 2749 octavo
842 2700 940 2747 recolo
948 2697 1060 2746 dixerat.
1093 2696 1191 2745 Verona
1200 2697 1412 2759 igiturerat,boe

314 2772 397 2822 nuper
415 2774 446 2809 eo
465 2762 531 2823 ipro,
547 2774 599 2825 quo
617 2759 758 2824 vivebatur,
768 2761 896 2811 decennio
908 2760 1065 2825 contiguae!
1081 2760 1225 2811 &nra-o
1241 2761 1414 2824 Instat-tro

809 2889 916 2939 ΝΟΜ

314 2984 358 3050 qui
379 2984 445 3035 clavi
466 2984 563 3047 figendi
583 2999 662 3035 cauea
680 2985 762 3035 creati
779 2985 841 3043 nint,
881 2986 914 3035 ad
925 2954 981 3035 445.
992 2998 1042 3048 nec
1052 2985 1172 3035 debuitne
1183 2984 1312 3049 duplicari
1325 2999 1413 3035 nune·

220 3082 225 3099 ι
314 3062 383 3127 quod
396 3064 494 3125 optima
506 3064 563 3125 tege
580 3076 609 3111 re
625 3071 727 3112 creator
744 3063 843 3117 dicant,
882 3075 946 3109 rum.
965 3060 1071 3122 Accipit
1082 3062 1149 3109 enirn
1160 3060 1193 3109 de
1206 3068 1334 3123 ternpore,
1342 3062 1412 3125 quod

315 3145 460 3187 tentaturor
471 3138 606 3200 imperium
619 3139 668 3187 ribi
678 3139 704 3187 in
715 3154 761 3188 rex
772 3154 843 3187 nien·
883 3150 899 3182 a
909 3134 998 3183 Maeuii
1017 3135 1147 3184 dictatura
1165 3136 1280 3199 eiapaunv
1292 3145 1358 3185 erat.
1377 3137 1412 3185 er

315 3226 356 3261 rer
375 3226 507 3271 arrogare,
525 3212 593 3275 quod
613 3214 669 3261 bac
688 3215 787 3276 optima
809 3214 843 3263 rit
882 3210 947 3259 Tan.
970 3210 1054 3259 Faber
1076 3209 1157 3260 refert
1175 3213 1207 3261 ad
1228 3220 1343 3276 tempor,
1358 3228 1411 3277 qna

314 3288 357 3335 lex
369 3286 535 3339 dictatorum.
568 3288 677 3345 Vetvun,
689 3290 756 3338 rieot
767 3290 792 3337 in
805 3291 844 3338 bia
883 3286 986 3336 duravit
1006 3286 1137 3336 dictatura
1158 3288 1270 3337 Muniir
1299 3289 1411 3353 ideoque

315 3360 423 3409 ferenda
440 3376 488 3410 non
505 3362 540 3411 ait
557 3362 612 3412 buc
624 3365 734 3423 noritur,
746 3365 783 3415 ita
796 3379 844 3413 nec
884 3376 972 3411 rocem
989 3378 1062 3411 nnana
1076 3363 1213 3425 expungit,
1227 3364 1280 3412 dira
1299 3366 1412 3426 reponit.

315 3436 341 3484 in
355 3434 441 3498 Appio
453 3433 569 3485 ferenda.
607 3437 672 3487 Haec
689 3448 776 3488 autem
794 3437 845 3489 t'or'-
885 3438 920 3486 Et
938 3452 1016 3499 supra
1036 3436 1141 3501 quidern
1159 3451 1218 3500 cap.
1239 3442 1283 3487 td.
1301 3438 1411 3487 vidintur

314 3509 394 3569 mnia,
406 3510 413 3536 ⁸
423 3510 460 3557 uti
475 3512 574 3573 optimo
583 3512 661 3576 jure,'
673 3513 713 3561 rel
725 3514 733 3541 ‘
746 3515 845 3577 optima
885 3512 1006 3561 Mantum
1018 3512 1147 3561 dictatura
1158 3526 1187 3559 re
1198 3512 1342 3563 abdicatae.
1358 3512 1411 3562 Ve-

314 3582 392 3645 iege,'
412 3597 462 3631 nou
482 3584 507 3631 iu
527 3585 636 3647 publici·
659 3587 735 3636 modo
757 3590 845 3651 veina,
884 3602 940 3635 runr
952 3602 1009 3637 earn
1026 3588 1179 3636 decimodie
1198 3586 1297 3637 fluitant
1314 3588 1358 3637 nbi
1377 3590 1411 3637 te·

316 3659 361 3709 aed
374 3659 400 3708 in
419 3660 528 3722 privatin
545 3676 647 3721 quoque
665 3664 776 3725 negotiis
792 3663 844 3712 ne.
885 3663 953 3725 gerit
965 3661 1049 3711 Faber
1066 3677 1116 3710 non
1133 3662 1220 3719 docet,
1237 3677 1288 3713 uec
1302 3666 1409 3713 multant

316 3734 484 3800 quentiarinro
496 3734 522 3782 in
534 3748 582 3783 nau
595 3734 662 3797 fuit;
680 3744 708 3785 ut
720 3739 844 3788 evincunt
884 3735 1019 3801 probabile
1035 3738 1064 3787 tit
1081 3739 1173 3787 Nostri
1190 3742 1362 3788 narrationem
1374 3742 1410 3788 ie·

316 3812 458 3874 ciceronio,
485 3811 600 3871 senece,
628 3810 742 3874 Uipiani.
765 3814 844 3864 oelttt
884 3814 964 3876 genti.
997 3814 1065 3861 Sane
1086 3826 1144 3861 conv
1167 3821 1244 3864 reato
1261 3821 1325 3863 ante
1346 3829 1411 3863 anno

315 3889 382 3947 ioca,
394 3898 419 3935 et
434 3887 579 3948 proaertinr
595 3887 675 3949 Ferri,
687 3903 702 3937 a
713 3890 795 3939 Gron.
808 3892 844 3939 ai·
886 3888 995 3936 Murrina
1006 3887 1119 3936 dictator
1129 3886 1230 3947 iniunt,
1241 3888 1310 3936 intra
1320 3888 1410 3937 doeeru

316 3964 378 4021 iata,
395 3964 438 4028 qni
457 3964 556 4026 optime
571 3963 707 4013 abacorum
725 3964 794 4015 buno
807 3967 843 4015 io·
884 3978 963 4014 annor
979 3964 1155 4013 abdicaverat.
1188 3966 1411 4028 Denaiadixaaar

317 4052 374 4086 curn
387 4039 541 4087 enucleavit.
882 4040 1001 4102 ilyrnoit
1011 4038 1086 4087 aroiar
1096 4040 1126 4087 de
1135 4040 1180 4088 dia
1189 4054 1242 4088 aar.

348 4120 360 4145 ⁰
378 4112 461 4173 Nuper
474 4112 541 4161 intro
558 4114 635 4161 decern
650 4130 724 4179 aanor
740 4118 770 4165 C.
782 4117 844 4165 Ma·
914 4120 928 4155 Ρ
946 4115 1064 4175 contagto
1077 4115 1137 4178 ejar,
1152 4116 1214 4177 qaod
1226 4115 1413 4180 qvmtutpe.

316 4184 383 4245 aiar]
400 4186 487 4235 Annon
498 4186 707 4238 GtauaMaenii'
715 4190 845 4241 dictatura
883 4189 1023 4254 [nomint
1039 4188 1099 4252 ipra]
1119 4191 1228 4239 ιιιιιιὲιίι
1246 4192 1363 4252 objectate
1382 4194 1413 4241 ai

317 4266 343 4319 d.
355 4267 455 4313 tantrun
468 4262 597 4313 urrurerari
612 4264 659 4333 ait,
676 4266 710 4321 ab
725 4282 767 4318 an.
786 4270 844 4321 441.
883 4262 1041 4328 iniaieirrrt]
1060 4266 1166 4317 binata
1177 4266 1259 4317 Gran.
1270 4280 1412 4334 qnem-
