3150 4942
288 366 293 376 ’
318 366 402 431 1134
790 381 825 432 u.
850 382 945 432 nrvu

317 542 434 587 mores.
479 526 629 603 Latinos,
641 526 685 589 ob
697 526 779 589 iram
795 527 864 607 agri
881 525 998 588 amissi
1012 525 1222 599 rebellantes,
1234 523 1271 587 in
1286 524 1409 606 eamplr

317 624 562 689 Fenectanis⁹⁰
584 627 735 691 fuderunt
759 628 947 709 castrisque
961 635 1141 690 exueruut·
1182 625 1236 689 liri
1255 625 1411 701 Publilio,

316 724 411 809 cujus
427 726 530 791 ductu
546 729 768 810 auspicioque
780 747 833 793 ree
848 736 953 809 gestae
968 734 1072 802 erant,
1088 728 1121 789 in
1136 725 1413 789 deditionemuc·

316 827 460 910 cipiente
473 828 615 894 Latinos
631 830 790 911 populos,
806 848 948 912 quorum
971 829 1019 896 ibi
1036 827 1195 910 juventus
1214 846 1310 891 eaesa
1334 830 1412 901 erat,

315 928 475 991 AEmilius
487 930 530 993 ad
544 927 696 995 Pedumd
710 932 891 993 exercitum
907 929 1017 992 duxit.
1050 928 1207 992 Pedanos
1220 930 1413 991 tuebatur¹⁰

313 1027 447 1107 Tiburs,
473 1032 703 1095 Praenestinus
728 1030 986 1114 Veliternusque
1010 1030 1172 1113 populus:
1195 1035 1361 1091 venerant
1381 1035 1412 1089 et

313 1131 356 1193 ab
371 1130 512 1195 Lavinio
525 1141 548 1171 ¹¹
564 1131 735 1217 Antioque
758 1134 897 1197 auxilia.
944 1131 1011 1195 Ubi
1035 1150 1112 1195 cum
1131 1131 1259 1213 praeliis
1274 1130 1410 1213 quidem

313 1234 464 1313 superior
476 1231 649 1297 Romanus
665 1240 763 1312 esset,
774 1236 816 1297 ad
834 1237 946 1298 urbem
962 1235 1074 1315 ipsam
1085 1232 1213 1296 Pedum
1229 1238 1410 1311 castraque

311 1331 477 1395 sociorum
492 1333 700 1415 populorum,
717 1353 794 1418 quar
816 1336 888 1398 urbi
910 1335 1071 1417 adjnuetu
1093 1341 1198 1409 erant,
1213 1334 1348 1411 integer
1363 1331 1410 1394 lu·

308 1432 374 1494 -hor
403 1440 559 1513 restaret;
580 1422 669 1498 bello
698 1435 822 1500 inlecto
846 1443 978 1519 repente
1004 1433 1142 1510 omisso,
1169 1433 1305 1508 consul,
1332 1431 1410 1515 quia

304 1533 449 1615 eollegae
464 1532 631 1599 decretum
647 1536 850 1618 triumphurn
864 1536 1090 1616 audivit,ipse
1105 1548 1237 1617 quoque
1251 1530 1410 1614 triumphi

312 1641 390 1696 ante
413 1635 587 1699 victoriam
614 1634 780 1716 flagitator
800 1635 944 1699 Romam
967 1636 1077 1699 rediit.
1122 1633 1201 1712 Qua
1223 1633 1407 1717 cupiditate

312 1733 484 1796 offensis¹²
513 1735 683 1813 Patribus,
705 1738 979 1819 negantibusque,-
1006 1736 1073 1799 nisi
1097 1734 1193 1800 Pedo
1218 1744 1327 1817 capto
1353 1740 1409 1797 aut

310 1833 437 1912 dedito,
452 1837 662 1918 triumphurn,
679 1838 756 1902 hinc
772 1840 935 1902 alienatus
952 1838 995 1901 ab
1011 1844 1127 1900 senatu
1144 1837 1305 1923 AEmiliuu
1321 1835 1406 1900 sedi·-

304 1936 407 1999 tiosis
423 1937 642 2001 tribunatibus
657 1939 797 2003 similem
812 1938 932 2001 deinde
940 1936 1154 2000 consulatum
1167 1936 1282 2019 gessit.
1320 1936 1405 1999 Nam

310 2054 430 2119 neque,
446 2037 555 2119 quoad
577 2038 641 2101 luit
664 2039 790 2115 consul,
814 2038 982 2101 criminari
1001 2036 1093 2118 apud
1109 2037 1270 2118 populum
1288 2036 1405 2100 Patres

309 2136 449 2215 destitit,
464 2139 593 2221 collega
608 2137 861 2222 haudquaquam
878 2139 1088 2215 adversante,
1106 2140 1186 2220 quia
1208 2144 1243 2199 et
1265 2139 1344 2221 ipse
1365 2136 1404 2199 de

309 2238 408 2318 plebe
424 2248 513 2303 erat:
535 2239 722 2323 (materiam
746 2246 856 2302 autem
876 2239 1051 2320 praebebat
1065 2240 1260 2302 criminibus
1275 2240 1403 2321 egerin

301 2338 433 2404 Latino
444 2339 652 2421 Falernoque
662 2358 741 2421 agro
751 2346 772 2393 ¹³
784 2347 796 2374 ⁸
809 2339 949 2419 maligue
958 2340 1071 2422 plebei
1079 2339 1207 2402 divisus
1216 2337 1242 2422 ι)
1253 2347 1297 2417 et,
1311 2347 1402 2423 post·

308 2458 408 2522 quam
423 2446 568 2517 senatus,
583 2440 675 2503 finire
689 2440 863 2523 imperinm
879 2439 1075 2504 consulibus
1089 2441 1242 2523 cupiens,
1258 2441 1401 2505 dictato·

769 2604 950 2625 m

340 2716 406 2764 9111
426 2729 464 2764 vr
480 2716 1399 2781 innumerae.uoujruu·emend.Ferenrtnu,erctrver.1121.

307 2788 361 2829 ant.
373 2784 432 2828 e..l
447 2795 472 2842 p
483 2785 540 2831 965.
563 2780 675 2830 Pedaair.
677 2786 741 2830 -ro
754 2783 890 2831 tuerentur
900 2785 1017 2832 Gronov
1033 2784 1139 2845 Dorq'rt.
1151 2786 1332 2833 Crevier-ll
1351 2783 1398 2833 Alii

306 2843 398 2908 legunt
408 2844 524 2894 ὶιιιιιιιιο
526 2849 591 2893 -12
610 2846 687 2909 Vulg.
696 2846 810 2911 offerrui.
813 2852 876 2895 -19
893 2847 1009 2897 Meliti
1020 2846 1049 2895 Ε.
1067 2847 1182 2898 Gronov.
1194 2847 1284 2899 delere
1293 2848 1397 2911 rbem

802 2974 909 3026 NO'l'AE

246 3092 249 3099 ·
306 3072 355 3122 liur
366 3074 515 3134 nobilitatis,
523 3071 835 3135 Publiliurplebirpurter
874 3070 920 3119 Ιιιιι
931 3070 975 3120 lib.
988 3083 1008 3119 ι.
1017 3085 1041 3121 e.
1050 3074 1091 3121 ³1
1094 3070 1396 3135 mpori-'marinoru-

306 3154 434 3216 amplexu
451 3153 490 3202 rui
513 3152 619 3215 quiaque
638 3150 772 3213 commodi,
791 3164 835 3211 po·
873 3160 1001 3208 geremus.

305 3228 355 3275 tlur
378 3241 452 3290 quarn
471 3226 567 3290 publici
580 3224 707 3276 rtndioror
718 3240 746 3274 re
767 3239 834 3288 pre·
903 3222 971 3272 “Ad
984 3224 1085 3308 Pedum]
1103 3223 1171 3272 Vide
1188 3223 1234 3271 lib.
1247 3237 1308 3273 ue.
1319 3226 1360 3273 99

306 3301 426 3351 buerunt.
905 3298 1028 3358 ‘Ager'
1019 3311 1045 3344 ιιι
1061 3297 1150 3345 Lutirw
1168 3298 1313 3363 Falernoque
1327 3295 1395 3358 agro]

335 3377 393 3425 ‘la
412 3378 501 3440 eumpir
512 3373 667 3436 Fenectarir]
687 3375 767 3436 elliu,
788 3374 833 3423 Se·
872 3372 941 3420 Illud
952 3386 1011 3431 agro
1031 3369 1107 3421 facile
1123 3373 1221 3437 abique
1238 3388 1331 3422 aenens
1347 3373 1394 3420 dir·

303 3453 422 3500 aecimis:
440 3451 832 3515 utrumqueribiignotnmprq·
872 3445 967 3509 pendio
986 3444 1078 3494 aberro
1098 3461 1173 3508 poree
1200 3462 1313 3510 agnoreo
1339 3462 1393 3498 eum

302 3527 394 3576 fitetur
408 3526 578 3575 Glareanus.-
596 3526 748 3588 Cogitabam
770 3538 831 3573 num
871 3522 1005 3571 Gronorio
1020 3529 1047 3571 et
1057 3523 1158 3583 Fabro;
1176 3524 1289 3575 ricenim
1301 3524 1394 3573 dieitur

302 3593 439 3661 legendum
458 3608 527 3647 earet
545 3600 693 3662 Frontianis,
712 3600 757 3663 qui
775 3600 831 3660 agri
871 3600 912 3647 ‘in
923 3597 1042 3662 lrortico‚’
1053 3607 1081 3647 et
1098 3600 1144 3647 ‘in
1162 3599 1305 3660 Hernieo;’
1320 3610 1347 3648 er
1358 3600 1392 3648 iu·

303 3676 407 3725 Falerni
420 3683 556 3735 pertram
571 3674 725 3734 Fregellanis,
736 3676 777 3722 rel
788 3675 830 3723 Se·
871 3674 995 3735 telligitrrr
1026 3674 1082 3727 nolo,
1104 3676 1145 3722 rel
1173 3689 1248 3735 egro:
1275 3676 1344 3739 qaod
1363 3687 1392 3722 eo

303 3750 371 3812 tirrir,
395 3751 437 3813 qui
460 3750 486 3797 iu
509 3748 619 3803 Volrcir,
647 3754 674 3797 et
700 3748 830 3798 Priverno
869 3750 952 3812 magis
970 3749 1130 3811 bieraleret,
1148 3752 1216 3814 qnod
1231 3754 1285 3813 agri
1304 3762 1392 3801 nomeu

302 3826 425 3889 proximi:
443 3826 489 3874 aed
506 3824 561 3873 irae
571 3824 628 3872 loca
639 3830 715 3872 extra
727 3823 830 3873 Latium
870 3825 1004 3894 precedit.
1019 3872 1024 3879 ,
1038 3825 1106 3876 Quia
1119 3835 1204 3875 tamen
1223 3826 1325 3877 intente
1339 3829 1392 3889 ipro

303 3907 386 3955 retur,
398 3911 424 3949 et
436 3900 537 3951 uomina
547 3900 711 3948 aFerectarrir
722 3900 776 3946 rive
784 3900 829 3957 Se·
869 3900 952 3949 Gron.
964 3914 1047 3963 neque
1059 3907 1160 3949 vetere·
1172 3900 1232 3949 libri
1243 3901 1391 3958 excludant,

258 4028 264 4035 ,
300 3978 406 4025 naturis
423 3978 526 4025 nimium
537 3972 670 4025 differurit.
704 3976 830 4025 Ferentini
870 3980 897 4023 et
916 3974 1002 4036 priore
1023 3976 1078 4023 loeo
1098 3976 1251 4038 intelligitur
1271 3992 1331 4040 pare
1352 3976 1390 4025 itu

302 4058 329 4099 et
341 4052 445 4114 regione
462 4059 489 4097 et
499 4050 581 4098 literis
594 4050 676 4098 minua
693 4050 828 4105 dietmari
869 4052 935 4111 egri,
945 4063 1002 4112 quie
1017 4050 1111 4113 cuique
1123 4051 1269 4113 ιιιὶςιιιιις
1286 4052 1389 4116 potieri-

303 4123 336 4171 ab
348 4139 413 4187 aqua
424 4131 451 4171 et
468 4124 525 4172 lucu
536 4123 745 4186 Ferentinae,rrbi
759 4126 828 4174 Luti-
867 4138 912 4172 ore
940 4125 1086 4173 universum
1112 4124 1214 4175 illorum
1242 4128 1388 4189 populorum

300 4213 390 4248 uorum
410 4198 514 4248 comitia
528 4198 696 4263 habebantur,
714 4200 759 4263 (de
771 4202 827 4264 qni·
868 4200 1024 4251 territorium
1035 4200 1096 4250 nilril
1108 4208 1181 4253 vetat
1189 4204 1304 4255 retineri.
1374 4241 1380 4253 .
