3150 4942
584 409 657 459 utn.
682 409 746 457 vu,
771 411 851 458 cau.
873 395 928 472 11.
1210 397 1296 463 1087

200 549 388 615 militariter
418 550 623 633 joculantes,
634 551 659 592 ¹⁶
691 553 858 636 Torquati
885 573 1066 636 cognomen
1097 554 1249 619 anditum
1262 555 1296 637 ;ί

202 651 404 716 celebratum
420 651 537 716 deinde
553 652 692 735 posteris
716 654 817 716 etiam
839 654 1043 739 familiaeque
1057 657 1175 720 honori
1190 657 1296 721 suit.¹⁷

200 751 360 815 Dictator
386 771 542 816 coronam
568 770 701 816 auream
728 753 858 819 addidit
882 755 1021 833 donum,
1046 747 1208 841 mirisque
1234 779 1295 841 pro
1325 807 1329 812 .

202 853 366 916 concione
380 871 455 916 eam
471 873 613 934 pugnam
629 853 786 917 laudibus
802 857 888 920 tulit.

244 952 297 1015 11.
319 952 376 1030 Et,
403 952 563 1030 Hercule,
588 957 673 1017 tanti
686 974 729 1018 ea
742 955 784 1018 ad
798 957 946 1022 universi
959 958 1039 1022 belli
1054 963 1211 1022 eventum
1226 979 1297 1023 mo·

200 1051 305 1116 menti
320 1052 492 1118 dimicatio
505 1055 578 1132 fuit,
592 1063 629 1119 ut
644 1056 819 1121 Gallorum
833 1060 1001 1125 exercitus
1016 1063 1173 1144 proxima
1186 1067 1296 1138 nocte,

200 1153 324 1218 relictis
339 1155 469 1238 trepide
486 1159 614 1234 castris,
630 1157 663 1220 in
678 1158 850 1221 Tiburtem
871 1177 999 1239 agrum,
1022 1166 1121 1242 atquc
1135 1160 1225 1237 inde,
1242 1180 1297 1226 so·

202 1253 323 1320 cietate
340 1257 418 1326 belli
436 1258 540 1334 sacta,
564 1266 820 1341 commeatuque
834 1259 976 1340 benigne
988 1259 1014 1298 ¹⁸
1040 1261 1085 1322 ab
1099 1259 1296 1325 Tiburtibus

202 1355 348 1440 adjutus,
368 1377 448 1422 mox
475 1360 510 1421 in
536 1357 781 1441 Campaniam⁸
806 1358 985 1422 transierit.
1029 1358 1081 1421 Ea
1099 1341 1164 1422 fnit
1182 1380 1297 1438 causa,

203 1461 256 1521 cui
271 1460 425 1540 proximo
441 1478 530 1524 anuo
540 1477 555 1506 ·
575 1457 615 1522 C.
633 1458 797 1524 Poetelius
808 1467 833 1509 ¹⁹
849 1457 977 1523 Balbus
991 1461 1117 1535 consul,
1133 1480 1207 1524 cum
1223 1463 1297 1524 col-

202 1557 286 1640 legae
301 1559 375 1642 ejus
391 1560 441 1623 M.
459 1561 567 1624 Fabio
584 1559 752 1626 Ambusto
766 1559 908 1623 Hernici
923 1560 1102 1642 provincia
1115 1561 1296 1637 evenisset,

201 1659 361 1724 adversus
387 1662 544 1726 Tiburtes
566 1663 666 1746 jussu
691 1663 808 1744 populi
832 1663 1015 1726 exercitum
1043 1660 1192 1725 duceret.
1242 1661 1299 1726 Ad

203 1781 344 1844 quonum
360 1764 524 1827 auxilium
539 1784 614 1829 cum
630 1763 724 1828 Galli
737 1783 782 1826 ex
797 1762 985 1846 Campania
1000 1761 1176 1837 redissent,
1192 1761 1295 1827 soedee

202 1864 439 1945 populationes
453 1865 488 1928 in
503 1865 688 1941 lavicano,
701 1865 973 1947 Tusculanoque,
993 1868 1029 1927 et
1048 1863 1182 1928 Albano
1201 1881 1294 1943 agro,

202 1965 292 2028 haud
308 1965 409 2029 dubie
425 1965 619 2031 Tiburtibus
633 1965 788 2042 ducibus,
814 1968 893 2029 suut
912 1966 1023 2030 lamae.
1067 1964 1121 2040 Et,
1145 1983 1221 2027 cnm
1238 1962 1299 2026 ad·

203 2084 322 2130 versus
336 2051 508 2132 Tiburtem
521 2069 650 2132 hostem
665 2071 752 2132 duce
767 2066 907 2130 consule
923 2071 1083 2129 contenta
1094 2084 1147 2128 res
1162 2065 1300 2149 publica

184 2231 190 2238 .
204 2173 304 2246 esset,
318 2168 472 2234 Gallicus
486 2165 671 2233 tumultush
686 2167 999 2231 dictatoremereari
1008 2163 1130 2247 co'egit.
1155 2163 1299 2228 Crestus

205 2267 249 2346 Q.
265 2269 425 2336 Servilius
440 2270 550 2336 Ahala
571 2272 614 2335 Τ.
630 2269 806 2349 Quintium
828 2267 1020 2348 magistrum
1036 2265 1183 2348 equitum
1200 2264 1298 2341 dixit,

205 2377 295 2434 etex
311 2375 505 2437 auctoritate
519 2372 667 2448 Patrum,
690 2372 718 2434 si
740 2386 900 2451 prospere
923 2367 957 2430 id
975 2368 1101 2430 beilum
1117 2366 1298 2440 evenisset,

204 2453 303 2535 lu'dos
327 2491 466 2556 magnos
490 2473 598 2539 vovit.
651 2472 818 2546 Dictator,
847 2469 891 2532 ed
918 2468 1137 2533 continendos
1165 2468 1300 2550 proprio

206 2569 297 2636 bello
311 2571 470 2639 Tiburtes
484 2573 653 2638 consulari
667 2571 818 2636 exercitu
833 2569 933 2653 jusso
952 2589 1099 2645 manere,
1122 2587 1235 2632 omnes
1244 2567 1300 2651 ju-.

206 2671 329 2752 niores,
341 2675 434 2740 nullo
446 2675 650 2740 detrectante
659 2671 827 2748 militiam,
838 2677 1046 2735 sacramento
1056 2669 1179 2751 adegit.
1213 2669 1299 2750 Pug-

664 2818 737 2840 new
740 2817 842 2838 'nouo

207 2920 308 2972 betis.”
325 2921 478 2982 Sigea-ld
493 2922 554 2972 Vid.
563 2921 607 2972 ini.
617 2927 644 2971 et
655 2922 719 2972 Not.
731 2919 861 2969 Van-ll
877 2917 1023 2978 ‘sigonium
1036 2917 1137 2979 porterit
1154 2921 1180 2990 et
1186 2915 1300 2990 seruilia:

203 2985 315 3110 [Eltg'o'im
325 2986 517 3100 guogugnzlvom.
534 2987 686 3052 duobusque
703 2985 771 3035 Pell.
791 2983 874 3044 rideo,
892 2985 992 3046 podem
1009 2984 1083 3030 etiem
1096 2978 1202 3037 fomtltoe
1218 2979 1302 3027 bonon

700 3129 810 3180 NOTAE

209 3230 369 3292 gratulantes
386 3229 485 3278 blanlio
503 3244 549 3293 per
567 3231 659 3291 lusum,
685 3239 733 3275 uec
774 3223 882 3286 potitaoi
899 3221 971 3284 regni
983 3218 1124 3282 praecipua,
1138 3218 1215 3278 vulgo
1230 3217 1304 3266 Terra

209 3306 264 3355 siue
275 3313 354 3355 cantu
366 3303 527 3366 effutiebant,
539 3303 662 3354 modulati
672 3301 734 3367 quid
774 3301 801 3350 ut
811 3299 923 3354 Loooro,·
939 3302 966 3344 et
976 3294 1063 3343 Plinio
1080 3291 1116 3341 lbi
1126 3291 1222 3355 cogniti
1232 3291 1241 3317 ‘
1252 3293 1301 3340 La·

207 3382 337 3440 habuisse,
355 3382 421 3446 quod
439 3397 490 3431 non
503 3383 608 3431 multum
621 3396 637 3429 a
648 3393 734 3429 uersu·
774 3374 860 3425 borini
871 3369 980 3435 Campi!
1007 3367 1154 3432 Campania
1165 3365 1304 3416 nomenati

208 3471 251 3506 um
265 3458 376 3506 numeris
385 3457 496 3528 abesset:
777 3451 927 3500 Latinorum
938 3445 1071 3509 regionem
1083 3449 1168 3492 tractu
1179 3442 1305 3504 temporit

244 3531 380 3597 ‘Torquati
396 3550 519 3596 cog-nomn
536 3533 655 3597 auditum]
677 3532 736 3582 Pla·
776 3527 930 3578 translatum
941 3527 990 3573 est.

209 3616 254 3658 cet
268 3610 349 3672 magis
366 3624 441 3674 quant
459 3609 622 3659 subdititium
639 3608 736 3671 sigonii
808 3603 824 3632 '¹
842 3603 874 3650 Α.
886 3601 920 3649 U.
931 3600 961 3649 C.
973 3601 1029 3648 893.

207 3686 323 3734 additum.
350 3687 451 3748 Nempe
468 3687 575 3734 nuditum
591 3685 659 3732 inter
670 3683 735 3732 mili-
809 3676 822 3711 ¹¹
839 3676 946 3726 Gallim
959 3670 1084 3734 tumultur]
1102 3669 1176 3719 Adeo
1194 3681 1244 3716 non
1260 3667 1305 3716 de·

209 3761 301 3810 teriter
313 3761 482 3824 joculantinm
499 3774 583 3810 voces.
618 3759 669 3808 Alii
687 3759 736 3807 hoc
776 3755 822 3804 leti
834 3769 849 3801 a
860 3751 968 3802 Camillo
980 3751 1070 3798 aliisve
1082 3745 1161 3801 Galli,
1172 3750 1200 3791 ut
1211 3743 1249 3791 bia
1266 3749 1306 3791 tu·

209 3836 338 3898 singulare
357 3845 489 3886 certamen
505 3835 622 3886 referunt
633 3835 666 3884 ad
679 3849 738 3884 sun·
777 3831 880 3885 multus,
892 3841 980 3877 eorum
992 3839 1078 3887 cottas,
1088 3822 1137 3870 ltoc
1154 3819 1258 3867 biennio
1268 3818 1305 3866 in·

210 3911 244 3960 U.
255 3915 313 3962 386.
332 3919 359 3961 et
377 3912 480 3961 Camilli
498 3918 639 3960 extremam
657 3909 736 3957 dieta·
778 3903 921 3964 docendus,
936 3915 1053 3964 unusque
1071 3904 1098 3945 et
1115 3897 1182 3943 ulter
1193 3893 1307 3942 dictator

210 3995 311 4036 turam:
333 3995 360 4037 ut
371 3987 555 4052 supradictum
568 3985 615 4035 lib.
627 3999 665 4034 vr.
678 3999 737 4047 cap.
777 3982 903 4034 creandus
919 3978 1010 4033 fuerit,
1026 3991 1057 4023 se
1075 3975 1116 4022 uix
1137 3972 1198 4021 totis
1211 3972 1306 4021 viribus

208 4068 251 4114 ts.
779 4075 794 4108 a
812 4059 895 4106 Porta
913 4053 1013 4103 Collina
1029 4055 1056 4098 et
1074 4047 1198 4097 Romanis
1217 4047 1306 4096 numni·

242 4151 254 4186 t
266 4144 296 4191 iu
305 4141 470 4207 Compasium]
487 4139 609 4200 Felicem,
618 4137 690 4200 cujus
699 4152 738 4186 cu·
779 4135 826 4184 but
837 4129 918 4180 arceri
929 4125 1069 4191 potuerint.

212 4229 258 4285 put
272 4221 369 4284 Capua.
402 4221 442 4268 Ea
462 4215 594 4282 prouincia
613 4222 654 4264 est
670 4215 738 4262 Nen-
