3150 4942
350 416 437 483 1218
823 434 858 481 τ.
878 433 976 481 urvrr

349 576 449 641 nibus
465 573 553 653 Diis,
568 592 707 657 qnorum
729 574 872 640 eluditur
890 593 1022 652 numen,
1043 574 1195 642 redeant.
1241 575 1359 641 Gerite
1369 577 1426 639 bel·

349 677 430 755 lum,
444 676 577 761 qnantlo
597 678 659 760 Sp.
674 677 871 743 Postumius
893 676 995 742 modo
1019 678 1166 760 legatum
1184 678 1336 743 fetialem
1360 696 1428 759 geon

349 778 500 861 perculit
545 777 601 842 Ita
625 779 684 843 Dii
708 779 855 856 credent,
879 778 1062 843 Samnitem
1084 779 1194 844 civem
1216 780 1428 854 Postumium,

349 898 417 944 non
432 880 539 945 civem
552 880 740 945 Romanum
754 900 843 960 esse,
852 888 887 945 et
902 881 1083 945 aSamnite
1095 882 1242 964 legatum
1256 880 1429 944 Romuunm

350 982 519 1047 violatum.
564 982 615 1045 Eo
633 982 732 1046 vobis
752 982 881 1067 justum
906 983 941 1046 in
970 1000 1031 1046 nos
1055 983 1182 1047 tactum
1196 996 1281 1055 jesse
1308 981 1430 1044 bellun.

350 1083 440 1147 llaec
455 1083 598 1147 ludibria
613 1083 806 1166 religionum
828 1102 893 1148 non
910 1084 1036 1166 pudere
1049 1085 1083 1148 iu
1097 1085 1206 1149 lucem
1221 1082 1387 1167 proferret
1404 1087 1430 1144 et

349 1186 409 1248 vix
424 1186 535 1268 pueris
560 1185 676 1267 dignas
700 1186 861 1267 ambages
884 1204 981 1248 senes
1007 1204 1048 1249 ac
1072 1184 1268 1249 consulares
1292 1182 1429 1246 fallentia

348 1284 426 1350 fidei
441 1287 637 1370 exquireret
682 1286 713 1361 1,
728 1286 839 1363 lictor,
859 1286 953 1350 deme
966 1287 1078 1350 vinela
1093 1284 1278 1349 Romanis:
1300 1289 1428 1347 moratus

349 1387 395 1451 sit
408 1406 515 1464 nemo,
526 1406 594 1470 quo
607 1387 729 1463 minus,
741 1388 802 1451 ubi
816 1388 926 1451 visum
939 1387 1049 1465 fuerit,
1064 1385 1207 1453 abeant?
1252 1385 1300 1450 Et
1309 1384 1359 1448 illi
1368 1383 1429 1465 qni·

349 1487 438 1566 dem,
450 1488 589 1552 forsitan
599 1496 632 1552 et
647 1489 796 1569 publica,
811 1508 874 1551 sua
888 1494 975 1553 certe
989 1488 1132 1552 liberata
1146 1483 1238 1564 title,f
1252 1487 1298 1551 ab
1314 1482 1427 1549 Gaudio

348 1589 383 1651 in
398 1596 508 1653 custra
522 1587 678 1652 Romanu
691 1588 844 1652 inviolati
858 1590 1032 1654 redierunt.

392 1688 444 1751 12.
467 1688 684 1766 Samnitibus,
699 1710 761 1773 pro
777 1692 923 1774 superba
937 1710 1024 1773 pace
1039 1690 1291 1755 infestissimum
1306 1704 1429 1753 cernen-

348 1789 437 1852 tibus
452 1794 602 1855 renatum
615 1792 752 1869 bellum,
777 1794 901 1872 omniu,
923 1813 999 1876 quse
1013 1792 1134 1857 deinde
1150 1798 1352 1868 venerunt,¹¹
1372 1807 1429 1851 non

346 1890 513 1954 inanimis
529 1892 652 1967 solum,
680 1894 739 1957 sed
757 1914 862 1977 prope
888 1896 921 1958 iu
943 1894 1163 1959 oculisessu:
1186 1902 1221 1959 et
1234 1914 1315 1958 sero
1329 1912 1368 1957 ec
1381 1910 1427 1954 nc·

348 1992 529 2074 quicquam
544 1994 683 2059 laudare
698 1998 787 2059 senis
803 1996 916 2059 Pontii
929 2001 1074 2078 utraque
1088 1996 1249 2075 consilin3
1266 1998 1351 2059 iuter
1363 2010 1427 2077 quo

348 2110 386 2155 se
407 2094 520 2158 media
535 2096 672 2179 lapsos¹
693 2095 844 2161 victoriae
860 2096 1112 2178 possessionem
1127 2115 1213 2179 pace
1226 2097 1354 2161 incerta
1367 2113 1427 2157 mu·

346 2198 451 2271 tasse,
467 2203 514 2273 et,
531 2196 682 2260 beneficii
698 2204 732 2261 et
746 2197 903 2261 maleficii
917 2197 1096 2261 occasione
1118 2200 1253 2275 amissa,
1279 2204 1427 2283 pugnatu-

345 2313 400 2357 ros
430 2314 507 2359 cum
534 2299 594 2372 eis,
623 2318 709 2381 quos
739 2298 901 2380 potuerint
925 2300 960 2362 in
985 2288 1183 2381 perpetuum
1208 2301 1261 2365 vel
1287 2300 1425 2363 inimicos

344 2395 472 2471 tollere,
487 2397 539 2459 vel
555 2398 682 2460 amicos
696 2398 815 2464 facere.
859 2397 1033 2481 Adeoque,
1047 2401 1140 2467 nullo
1163 2401 1240 2465 dum
1261 2401 1425 2467 certamine

343 2495 512 2560 inclinatis
528 2496 719 2575 viribus,¹²¹¹
741 2509 821 2582 post
836 2500 1021 2567 Caudinum
1034 2522 1153 2586 pacem
1172 2504 1274 2568 animi
1290 2512 1424 2569 mutare·

342 2601 426 2669 rant,
441 2601 477 2658 ut
492 2595 666 2659 clariorem
677 2599 760 2663 inter
773 2600 948 2665 Romanos
963 2602 1088 2667 deditio
1100 2604 1326 2683 Postumium,
1336 2622 1421 2688 quam

345 2692 499 2757 Pontium
514 2696 686 2760 incruenta
702 2699 844 2763 victoria
857 2702 943 2765 inter
956 2702 1135 2787 Samnites,
1149 2704 1298 2773 iaceret:
1320 2719 1353 2771 et
1364 2704 1422 2785 geri

341 2814 443 2878 posse
455 2795 577 2860 bollum
595 2794 740 2862 Romani
756 2818 817 2883 pro
832 2802 974 2867 victoria
987 2810 1080 2868 certa
1091 2805 1255 2884 baberent,
1269 2807 1421 2873 Samnites

341 2896 440 2960 simul
465 2895 649 2963 rebellasse
680 2907 714 2964 et
738 2903 861 2966 vicisse
887 2904 1058 2968 crederent
1081 2904 1303 2973 Romanum!
1342 2908 1422 2971 Inter

377 3052 388 3087 t
404 3056 439 3105 Et
451 3056 600 3109 Sannitibus
613 3060 724 3119 Renum,
733 3077 765 3113 rx
774 3077 819 3128 qao
830 3064 916 3115 bellu
925 3068 1421 3136 mmmmtpiovtetioeetremrn·

374 3266 400 3311 tl
421 3262 495 3329 conj.
513 3266 540 3317 J.
562 3268 592 3317 F.
613 3268 728 3320 Gronov.
743 3286 796 3335 quoe
811 3272 867 3324 deis
883 3281 1081 3329 commo—1²
1097 3279 1171 3344 conj.
1185 3280 1297 3344 Rupert.
1314 3275 1420 3331 wit

833 3421 940 3472 NOTAE

371 3503 379 3537 ¹
396 3504 507 3556 Forsitan
517 3514 542 3558 et
557 3511 659 3575 publicu,
675 3528 720 3563 ruo
735 3516 866 3566 certeiilre·
906 3520 1023 3582 consilia,
1042 3536 1070 3571 ne
1085 3522 1172 3572 media
1185 3523 1227 3572 ria
1243 3531 1335 3573 enatet
1348 3532 1418 3571 erru-

337 3580 465 3645 rutaflrlc]
485 3584 606 3649 Dubitat,
624 3602 671 3636 nec
683 3590 820 3653 immerito,
831 3608 864 3643 au
904 3609 941 3645 oe.

337 3657 465 3720 ejusmodi
484 3658 618 3709 deditione
640 3666 760 3715 exsoluta
781 3669 821 3718 iit.
834 3669 865 3718 fi·
935 3672 948 3706 ¹¹
966 3674 1093 3724 Inclinatis
1101 3675 1202 3739 ctribu]
1212 3676 1253 3725 lle
1265 3671 1416 3740 utrinqne!⁰¹

336 3734 382 3783 dot
394 3740 422 3784 et
436 3736 527 3797 religio
539 3737 627 3799 popntl
639 3738 761 3791 Romani:
780 3742 864 3805 privs·
902 3750 1000 3813 quitur,
1011 3750 1071 3799 lrlnc
1081 3751 1247 3813 Samnitibus,
1261 3750 1322 3800 lude
1335 3752 1417 3800 nm·-

336 3817 375 3859 tor
387 3823 437 3859 nun
448 3810 584 3874 ambigitu
600 3814 747 3875 sponsionis
762 3816 862 3868 tinente
903 3825 957 3885 ιιῑις
969 3839 1076 3888 quornm
1085 3825 1153 3875 vire·
1164 3840 1214 3876 non
1221 3818 1415 3880 immississent

335 3884 470 3947 liberator,
487 3886 863 3955 quandopereornoostetit,
903 3900 930 3948 tn
956 3901 1111 3949 eontrarium
1140 3916 1227 3950 vens.
1254 3901 1336 3951 futuis
1361 3899 1414 3946 vult.

334 3974 386 4023 qno
402 3962 484 4013 minut
500 3977 516 4011 a
532 3963 693 4015 Samnitibus
712 3970 863 4033 acciperen-
904 3974 973 4022 Nam
988 3974 1143 4023 ‘inclinare’
1155 3975 1347 4038 collabentem,
1357 3970 1414 4036 quoi

335 4046 387 4085 tur.
903 4062 955 4098 uon
965 4063 1068 4113 temper
1083 4051 1107 4097 io
1123 4050 1237 4101 deterior
1256 4055 1375 4103 numitor:
1389 4057 1413 4097 et

366 4122 379 4155 ¹
395 4114 463 4165 later
471 4131 523 4178 qva
533 4132 558 4165 re
566 4120 642 4169 nediu
652 4120 739 4185 ioum]
755 4124 863 4181 Nonis·
902 4132 909 4153 ¹
922 4131 1064 4187 temporum
1087 4126 1266 4179 inclinationes
1290 4130 1344 4180 fieri
1356 4132 1363 4151 ’
1379 4126 1413 4175 dl·

332 4190 369 4234 ter
379 4190 522 4249 credimini
536 4192 600 4241 inter
615 4196 661 4243 uro
676 4202 791 4259 enirm,
808 4213 862 4247 un·
900 4205 1017 4247 cuntur·
1035 4199 1092 4249 Cic.
1109 4215 1156 4262 pro
1171 4206 1413 4259 conversionibrrn‘l

331 4274 377 4311 ner
399 4262 534 4321 liberandi,
562 4272 607 4315 aut
632 4284 720 4319 ornnes
742 4275 860 4329 necandi,
900 4281 1187 4328 mutatorerntnrtatu.
