3150 4942
573 443 643 492 nra.
668 444 719 491 vr.
743 442 827 492 oue.
848 427 901 492 27.
950 468 953 474 ,
1216 427 1282 494 977

189 588 278 670 que,¹
297 587 377 670 quia
391 587 496 652 nolint
519 589 667 670 conspici
681 607 843 652 sommam
863 586 940 652 aeris
965 588 1076 664 alieni,
1104 607 1181 670 quae
1194 590 1282 653 indi·

190 693 307 754 cutura
321 689 379 764 sit,
393 687 577 752 demersam
592 695 720 770 partem
733 708 754 752 a
769 695 863 769 parte
886 689 1052 754 civitatis:
1063 696 1078 724 ⁸
1097 708 1175 753 cum
1195 691 1282 753 inte·

191 789 276 852 riml
299 789 477 852 obaeratam
492 787 623 869 plebem
638 787 798 870 objectari
813 789 892 852 aliis
907 799 1008 872 atque
1025 789 1105 854 aliis
1117 788 1282 854 hostibus.

191 888 328 956 Passim
344 887 416 970 jam
432 888 505 952 eine
521 888 588 952 ullo
604 889 797 953 discrimine
823 890 911 954 bella
933 891 1052 972 quaeri.
1095 888 1150 952 Ab
1177 889 1282 954 Antio

191 989 369 1064 Satricum,
398 989 442 1052 ab
468 989 599 1054 Satrico
628 988 784 1060 Velitras,
816 989 894 1053 iude
915 990 1102 1054 Tusculum
1132 990 1282 1070 legiones

191 1089 320 1154 ductes.
363 1088 503 1166 Latinis,
518 1089 688 1166 Hernicis,
698 1089 994 1174 PreenestiuisJam
1008 1090 1163 1154 intentari
1177 1107 1280 1165 arma,

191 1189 313 1254 civium
327 1191 434 1270 iungis
450 1207 549 1271 quam
564 1190 706 1253 bostium
722 1189 826 1268 odio;
849 1196 886 1253 ut
908 1191 941 1254 iu
959 1192 1058 1254 armis
1081 1198 1189 1255 terant
1211 1191 1283 1273 ple·

189 1292 278 1368 bem,
291 1309 352 1354 nec
372 1291 534 1371 respirare
549 1291 583 1354 iu
604 1289 706 1367 Urbe,
731 1298 790 1354 aut
813 1309 876 1374 per
899 1293 1003 1354 otium
1022 1292 1191 1355 libertatis
1212 1310 1282 1354 me·

189 1391 327 1456 minisse
341 1391 464 1464 sinant,
478 1397 537 1454 aut
552 1392 738 1456 consistere
762 1393 797 1455 iu
813 1393 985 1470 concione,
1009 1391 1070 1456 ubi
1094 1392 1282 1474 aliquando

191 1491 328 1556 audiant
341 1509 458 1556 vocem
473 1491 693 1569 tribuniciam,
710 1492 752 1556 de
767 1491 911 1556 levando
925 1494 1049 1557 foenere
1071 1499 1105 1556 et
1116 1492 1184 1554 tine
1198 1491 1283 1556 alia·

190 1611 262 1656 rum
273 1592 464 1676 iujuriarum
485 1597 670 1674 agentem·
714 1592 816 1672 Quod
832 1594 861 1656 si
877 1593 923 1657 sit
944 1595 1074 1658 animus
1094 1593 1189 1676 plebi
1214 1611 1284 1656 me

189 1711 262 1758 mor
276 1699 407 1776 patrum
422 1692 593 1766 libertatis,
610 1712 647 1756 se
662 1711 726 1758 nee
741 1693 852 1760 addici
865 1713 1056 1777 quenquam
1079 1694 1186 1758 civem
1212 1689 1283 1756 Ito·

190 1811 323 1858 manum
340 1793 386 1856 ob'
403 1791 559 1856 creditum
585 1795 764 1876 pecuniam
790 1813 965 1877 passuros,
989 1813 1095 1876 neque
1115 1793 1282 1856 delectum

190 1893 323 1973 baberi3
355 1893 470 1970 donec,
497 1893 649 1975 iuspecto
673 1915 741 1960 aare
765 1896 884 1972 alieno,
898 1895 1048 1978 initaque
1071 1895 1199 1957 rationo
1220 1895 1282 1957 mi·

190 1993 312 2059 nuendi
335 1997 421 2080 ojus,
438 1996 525 2058 sciat
538 1997 780 2080 unusquisque,
805 1997 887 2078 quid
903 1996 969 2075 sui,
990 1995 1071 2079 quid
1095 1995 1194 2058 alieni
1215 1995 1281 2073 sit3

190 2095 336 2177 supersit
351 2096 415 2158 sibi
429 2095 568 2158 liberum
583 2114 720 2178 corpus,
733 2115 774 2160 au
790 2097 823 2160 id
838 2115 971 2179 quoquc
982 2113 1086 2159 nervo
1100 2094 1282 2157 debeatur?

191 2193 328 2260 Merces
339 2195 514 2260 seditionis
529 2199 724 2279 proposita¹
745 2197 919 2261 confestim
933 2195 1133 2260 seditionem
1155 2195 1284 2257 cxcita-

190 2297 252 2360 vit.
296 2295 385 2360 Nam
404 2303 440 2360 et
454 2295 692 2362 addicebantur
707 2297 814 2374 multi,
829 2303 862 2362 ct
876 2296 920 2362 ad
944 2295 1144 2360 Praenestini
1159 2294 1282 2376 famam

189 2397 270 2463 belli
284 2415 393 2462 novas
417 2398 566 2480 legiones
581 2399 773 2464 scribendas
793 2399 915 2462 Patres
940 2401 1149 2462 censuerant.
1193 2392 1282 2472 Quae

191 2505 335 2582 utraque
359 2498 457 2562 simul
473 2499 602 2563 auxilio
627 2499 805 2565 tribunicio
818 2505 852 2564 et
872 2516 1034 2563 consensu
1049 2496 1158 2580 plebis
1175 2496 1283 2578 impe·

193 2598 255 2664 diri
277 2607 403 2682 coepta.
447 2597 537 2663 Nam
562 2618 674 2684 neque
697 2600 774 2665 duci
795 2599 947 2664 addictos
970 2598 1094 2664 tribuni
1117 2594 1282 2672 sinebant,

190 2719 300 2784 neque
306 2700 458 2783 juniores
473 2700 604 2776 uomina
618 2699 754 2765 debant.
776 2698 862 2765 Cum
876 2698 1034 2763 Patribus
1043 2704 1058 2732 ⁸
1076 2697 1184 2760 minor
1195 2714 1283 2778 prm·

193 2808 293 2865 aeus¹
317 2795 422 2866 curel
444 2799 580 2864 creditae
595 2801 746 2882 pecuniae
765 2800 852 2882 juris
866 2797 1080 2882 exequendi·
1100 2816 1201 2879 quam
1226 2795 1281 2859 de-

190 2903 311 2978 lectus,
326 2907 433 2980 esset;
454 2901 581 2983 quippe
601 2901 673 2982 jam
688 2920 709 2964 a
725 2900 895 2966 Praeneste
917 2899 1085 2982 proiectos
1103 2897 1219 2960 hostes
1246 2897 1282 2960 in

221 3049 229 3082 ⁸
247 3051 362 3100 smum
377 3050 454 3099 cirre
468 3049 528 3100 uelle
543 3064 572 3100 se
588 3041 707 3100 emmeles
722 3050 808 3102 toleta
817 3053 963 3098 testamur
972 3059 1024 3110 qao
1034 3043 1142 3107 ιηὐᾳιι
1153 3043 1285 3103 seesima

190 3121 299 3224 manile
310 3175 407 3224 leonino
416 3175 471 3226 aliis
480 3175 576 3236 injuriis
586 3177 731 3240 imponendo.

225 3247 240 3274 ¹⁸
256 3240 461 3302 Peruquemtjn
471 3241 614 3290 aerumna
624 3241 650 3289 in
661 3241 784 3303 exigendis
795 3237 889 3290 debitis.

192 3440 239 3484 -l
257 3435 264 3463 ¹
275 3435 416 3483 Promiase
424 3447 530 3497 proesm
541 3433 592 3497 leg.
605 3432 645 3482 vel
655 3432 734 3480 minor
742 3443 848 3494 prosena
863 3443 921 3479 cum
937 3427 1020 3479 Gran.
1030 3425 1105 3492 (Vid.
1117 3425 1149 3475 ad
1161 3439 1182 3475 ι.
1193 3429 1234 3475 1².
1244 3427 1283 3491 o.)

681 3541 788 3594 NOTAE

224 3651 237 3676 ²
254 3639 716 3705 Demermpurtencpurtecieitutir]
754 3639 859 3690 mianum
880 3639 1002 3688 auxilium
1024 3637 1149 3686 advertus
1169 3634 1283 3685 credito·

193 3718 215 3769 Α
227 3718 341 3781 patriciis
352 3717 536 3775 creditoribus,
554 3717 598 3780 qui
610 3731 670 3780 pars
681 3717 716 3766 ci·
755 3727 811 3764 rum
824 3714 886 3776 vim,
895 3721 923 3762 et
935 3714 1058 3762 adversus
1067 3713 1135 3775 ipror
1148 3711 1282 3775 magistra-

192 3796 281 3845 vitatie
296 3793 357 3854 rint,
376 3792 493 3842 obrutam
508 3806 560 3842 rere
570 3792 654 3841 alieno
666 3791 719 3854 ple·
755 3797 797 3840 tur
806 3789 937 3839 delectum
946 3788 1088 3838 habituros.

191 3869 261 3930 bero,
280 3882 338 3932 qun
357 3873 385 3916 et
406 3867 462 3930 ipra
476 3881 536 3931 perr
551 3867 586 3916 rit
602 3865 717 3930 ejusdem
786 3872 799 3899 ¹
816 3864 877 3914 Cant
888 3863 1016 3926 Patribus]
1042 3863 1103 3911 Nou
1117 3861 1283 3923 vacatparti·

191 3943 314 3993 ciuitatis.
753 3940 813 3992 cula
823 3956 885 4003 eun,
895 3949 925 3989 nt
933 3941 1048 3990 Gronov.
1059 3939 1157 3986 virum:
1170 3952 1283 4001 peream

221 4019 311 4067 teum
335 4016 444 4080 moin]
486 4013 640 4079 Expeditior
667 4011 717 4062 erit
755 4016 852 4078 quippe
874 4015 992 4063 redditor
1010 4014 1087 4074 ratio,
1104 4025 1156 4061 uon
1179 4013 1282 4076 quidem

191 4094 322 4144 sententia
333 4091 421 4140 demto
432 4091 485 4146 illo,
496 4105 556 4146 eun,
567 4089 716 4140 cuinullum
754 4103 801 4142 cur
816 4091 934 4150 J'uniures
945 4087 1050 4136 nomina
1061 4102 1113 4136 uon
1123 4089 1225 4149 darent,
1235 4089 1283 4138 red

193 4177 283 4232 postea
305 4166 411 4216 verbum
432 4165 590 4227 responden
611 4165 660 4214 uiri
678 4165 717 4212 ob·
757 4178 805 4215 cur
815 4163 840 4212 ld
850 4163 959 4212 Senatui
970 4175 1039 4222 agre
1051 4171 1128 4212 esset.

184 4246 274 4307 jacim
284 4243 387 4293 dicatur
399 4256 445 4304 pro
456 4241 619 4302 olpecturetur.
790 4240 850 4288 cu
861 4237 1043 4301 Potuimus]
1057 4238 1135 4286 Delct
1143 4237 1160 4288 J
1163 4269 1170 4284 .
1178 4237 1208 4289 F.
1216 4237 1283 4287 Gro-

223 4317 342 4368 ¹Mereer
360 4315 484 4366 reditionis
502 4314 634 4380 proposita]
652 4314 716 4364 Pro·
757 4313 846 4364 novius
858 4327 919 4375 m,
938 4310 1283 4373 centurionatum
