3150 4942
554 430 627 484 urs.
650 428 734 479 rrrr.
759 429 841 479 oss.
862 412 917 479 38.
1195 414 1281 481 1189

184 577 342 658 poterat·
385 570 519 656 ltaque,
531 570 590 636 ubi
603 588 710 655 ucque
725 569 837 647 eundi,
853 588 965 654 neque
977 568 1129 635 monendi
1141 570 1277 654 copiam

186 694 265 739 esse
282 673 381 753 ridet,
392 672 660 749 iustruit'ociem,
669 671 922 754 impedimentis
932 691 977 735 ex
989 671 1120 753 agmine
1131 673 1280 737 remotis.

186 776 363 841 lustruunt
387 782 505 840 contra
533 781 569 841 et
597 773 720 851 hostes,
750 779 784 838 et
814 774 935 839 animis
962 781 998 839 et
1021 774 1147 838 viribus
1171 793 1282 857 pares.

186 876 337 943 Auxerat
351 876 387 941 id
402 876 547 941 maxime
562 874 704 953 animos,
720 874 822 958 quod,
835 864 959 956 ignari&
980 874 1059 939 loco
1073 874 1205 957 iniquo,
1214 894 1281 940 nou

185 976 289 1053 hosti,
318 996 463 1053 cessum
490 976 582 1041 uelut
606 974 771 1058 fugientes
794 994 837 1041 no
859 974 996 1040 territos
1018 974 1186 1041 terribiles
1213 976 1283 1059 ipsi

187 1076 298 1143 secuti
313 1076 462 1151 fuerant!
506 1076 546 1143 Id
562 1076 769 1160 aliquamdiu
785 1076 935 1160 aequavit
949 1096 1107 1159 pugnam,
1123 1077 1198 1159 jam
1212 1078 1281 1161 pri·

187 1181 262 1248 dem
288 1181 430 1245 desueto
457 1180 604 1245 Samnite
629 1181 812 1245 clamorem
835 1178 982 1245 Romani
1004 1180 1177 1245 exercitus
1203 1183 1273 1264 pati

187 1283 236 1349 At
254 1281 427 1347 Hercuie⁶
448 1282 508 1347 illo
521 1282 578 1347 die
595 1282 638 1346 ab
663 1280 747 1345 hora
772 1280 842 1345 diei
866 1281 968 1346 tertia
988 1280 1032 1345 ad
1059 1289 1216 1346 octavam
1238 1283 1286 1347 its

189 1402 314 1467 auceps
324 1384 448 1449 dicitur
460 1391 630 1449 certamen
645 1383 963 1465 consecutusque
978 1381 1116 1459 clamor,
1127 1390 1162 1447 ut
1177 1384 1286 1465 primo

190 1486 293 1551 semel
308 1504 471 1551 concursu
484 1492 538 1551 est
549 1486 715 1562 sublatus,
737 1486 879 1549 iteratus
894 1485 958 1563 sit;
979 1502 1085 1566 nequa
1100 1484 1197 1566 sigua
1210 1505 1287 1568 pro·

190 1593 282 1653 mota
307 1587 398 1665 loco,
422 1596 557 1653 retrove
578 1593 735 1670 recepta3
756 1604 867 1669 neque
889 1603 1059 1649 recursum
1085 1585 1129 1648 ab
1150 1585 1223 1649 ulia
1243 1586 1288 1649 sit

190 1696 297 1771 parta.
342 1690 382 1753 lu
397 1708 458 1753 suo
474 1690 615 1771 quisque
629 1687 735 1770 gradu
750 1688 882 1764 obnixi,
896 1693 1048 1768 urgentes
1072 1687 1191 1763 scutis,
1214 1685 1289 1751 sine

190 1790 406 1873 respiratione
432 1810 474 1855 ao
498 1798 655 1873 respectu
678 1790 901 1872 pugnabant!
944 1786 1109 1851 Fremitus
1135 1788 1290 1871 equalis,

190 1897 348 1973 tenorque
362 1889 451 1955 idem
465 1910 586 1973 pugneo
600 1890 635 1954 in
650 1888 928 1971 defatigationem
951 1887 1102 1952 ultimam
1127 1895 1188 1951 aut
1207 1907 1290 1953 uoc-

191 1998 259 2054 tem
275 1993 480 2074 spectabat.⁷
491 1998 511 2025 ¹³
553 1989 576 2055 J
580 2009 633 2055 am
649 1990 729 2055 viris
742 1990 843 2066 vires,
861 1988 933 2070 jam
950 1987 1036 2052 ferro
1056 2007 1119 2051 sua
1134 1988 1198 2067 ris,
1217 1987 1291 2069 juro

191 2092 331 2159 consiliu
346 2091 492 2157 ducibus
507 2090 664 2169 deerant3
686 2108 762 2155 curu
786 2090 901 2153 subito
928 2088 1125 2151 Samnitium
1149 2089 1291 2171 equites,

191 2192 293 2270 cum,⁸
316 2200 424 2257 turma
449 2212 519 2257 uua
543 2191 675 2273 longius
700 2194 877 2273 provectu,
905 2189 1127 2270 accepissent,
1153 2188 1292 2270 impedi·

191 2300 305 2359 menta
317 2293 546 2359 Romanorum
562 2290 681 2375 procui
703 2290 747 2354 ab
771 2288 910 2354 armatis
925 2289 999 2352 siue
1021 2288 1195 2371 praesidio,
1218 2289 1292 2352 sine

191 2396 397 2461 munimento
413 2402 516 2471 stare,
531 2393 693 2457 aviditate
711 2390 838 2473 praedm
853 2391 1014 2473 impeturn
1029 2388 1167 2453 faciunt.
1189 2387 1293 2466 Quod

193 2496 253 2561 ubi
265 2496 421 2561 dictatori
437 2494 588 2577 trepidus
608 2494 742 2558 nuntius
754 2491 886 2572 attulit;
909 2489 1010 2556 ‘Sine
1023 2488 1149 2566 modo,'
1174 2489 1316 2573 iuquit,

194 2602 292 2663 ‘seeo
307 2597 425 2680 praede
439 2592 669 2678 praepediant*
711 2591 783 2657 Alii
808 2591 930 2657 deinde
953 2610 1054 2674 super
1075 2591 1173 2669 alios,
1192 2590 1294 2674 diripi

193 2698 324 2781 passim
351 2698 492 2779 ferrique
519 2696 669 2760 fortunas
696 2695 851 2771 militnm,
880 2693 1160 2759 vociferabantur.
1203 2692 1293 2757 Tum

194 2799 354 2880 magistro
371 2798 522 2881 equitum
537 2796 658 2873 accito,
680 2794 814 2859 ‘Vides
829 2793 888 2871 tu‚'
910 2792 1028 2876 inquit,
1051 2797 1062 2827 ‘
1076 2791 1126 2855 Μ.
1140 2792 1237 2869 Fabi,
1252 2794 1296 2857 ab

196 2899 345 2965 hostium
361 2899 475 2982 equite
489 2898 649 2964 omissam
663 2896 830 2978 pugusm't
847 2894 974 2959 haerent
989 2891 1141 2975 impediti
1155 2892 1297 2974 impedi·

228 3070 242 3093 ⁴
257 3062 308 3112 Sed
317 3078 369 3111 esra
379 3062 480 3112 tactum
491 3062 580 3139 quites
597 3077 628 3111 es
647 3058 711 3108 omni
728 3063 798 3122 perte
815 3057 998 3133 circumducent,
1008 3054 1035 3103 id
1045 3054 1106 3119 efflei
1116 3054 1228 3117 sepsiiut
1238 3054 1298 3116 quos

197 3118 1113 3251 Qfflggixsmssmmffiwoegmtmsmei
1128 3179 1242 3239 metas,
1258 3182 1299 3231 sed

197 3252 227 3303 cb
237 3256 285 3302 ioco
295 3254 381 3313 inserto
391 3260 461 3331 utque
471 3255 615 3303 incommodo
625 3252 755 3309 recessim,
763 3265 815 3300 eurr
823 3250 888 3297 utut
897 3250 1070 3296 asumma
1077 3244 1178 3293 ἱππικὴ·
1187 3243 1297 3303 sumunt,
1411 3244 1414 3247 ’

198 3319 266 3380 prust
276 3318 300 3369 ei
310 3320 437 3369 meede.

232 3389 243 3414 θ
258 3381 353 3446 Adspice
363 3380 545 3445 intermissione,
555 3386 625 3445 utque
635 3379 671 3428 itu
681 3383 708 3427 st
717 3392 784 3427 aem
794 3381 859 3427 retro
868 3378 992 3437 spectaret.

659 3516 841 3539 ΟΝΜΙΙΙΜΟ

238 3624 271 3673 rt.
280 3628 366 3673 rra-t
385 3622 462 3671 Melit
473 3620 562 3685 Sigon.
573 3618 656 3683 caud,
673 3624 719 3667 sut
734 3632 782 3666 nos
796 3614 940 3677 igin-o
955 3612 1016 3663 Vet.
1030 3610 1076 3661 tib.
1088 3608 1254 3685 epod-Sigon.
1269 3610 1301 3659 Et

245 3688 350 3735 oste-7
368 3687 443 3751 Couj.
454 3686 481 3736 J·
493 3686 521 3734 F.
535 3684 652 3734 Gronov.
662 3686 693 3732 od
704 3686 794 3731 noctem
803 3678 1008 3743 perimam-e
1024 3676 1031 3703 ‘
1043 3676 1104 3724 Cura
1114 3674 1191 3725 sudrto
1207 3676 1298 3721 &inri-

202 3752 262 3799 tisorr
272 3748 372 3813 equites,
380 3764 433 3799 ears
444 3756 495 3799 cet.
508 3748 662 3798 inconcinne
675 3746 779 3797 dicitur.
813 3745 892 3793 Forte
909 3743 961 3806 leg.
981 3746 1032 3790 tem
1044 3740 1132 3803 mido,
1149 3737 1189 3786 ret
1204 3738 1244 3798 pst
1256 3750 1301 3783 seu

202 3815 271 3879 quud,
279 3818 357 3863 termo
368 3830 391 3864 s.
402 3814 420 3864 t.
429 3828 454 3876 p.
464 3811 618 3876 memnoni!
635 3811 748 3875 Rupert.

699 3935 808 3989 NOTAE

203 4047 311 4091 trorum.
328 4036 693 4089 Idsutemroiebstdictstor,
703 4040 734 4082 ut
775 4028 917 4093 sequimur,
932 4028 1049 4087 tegemus
1059 4021 1217 4085 speetutetsr.
1250 4020 1302 4070 Ve·

203 4118 329 4181 lignatum
352 4115 430 4178 irent,
450 4114 581 4177 cattosque
601 4110 734 4161 cuderent
775 4119 830 4153 rurn
845 4110 915 4152 recte
933 4108 972 4149 ret
988 4105 1056 4149 teser
1072 4099 1134 4147 ideas
1145 4111 1232 4161 pagno
1239 4110 1303 4158 spee-

207 4207 237 4243 se
251 4199 382 4255 psrsrent.
572 4204 589 4324 s
774 4178 841 4227 tubat
852 4179 877 4227 io
895 4174 1107 4241 defetigationem
1120 4176 1245 4229 ultimum,
1256 4180 1303 4223 srtt

239 4274 257 4299 ¹
274 4268 325 4319 Ast
344 4272 435 4317 noctem
453 4262 570 4327 meetabet
607 4262 634 4311 Si
651 4258 732 4308 Gron.
774 4265 892 4309 noctem,
