3150 4942
570 450 645 499 nra.
666 450 723 501 rx.
745 450 829 503 ear.
849 436 905 500 tt).
1205 438 1292 507 lm
1326 442 1329 449 ·

194 594 273 661 dnm
283 593 405 671 verius,
419 610 518 677 quarn
531 610 633 673 arma,
653 610 748 673 eare;
770 592 912 659 nitentia
933 598 1013 658 ante
1034 610 1115 671 rem,
1129 591 1292 663 deformia

195 697 285 760 inter
300 695 492 777 sanguinem
505 701 541 759 et
556 692 699 759 uulnera.
732 691 898 759 Virtutem
911 712 989 759 esse
1003 694 1117 759 militis
1127 695 1244 772 (leena
1255 704 1292 762 ot

196 796 311 861 omnia
324 796 382 861 illa
394 794 565 861 victoriam
580 794 696 877 sequi3
716 800 750 859 et
762 794 865 859 ditem
880 793 1014 861 hostem
1032 796 1189 879 quamvis
1209 816 1291 879 pao·

195 898 285 981 peris
297 898 434 961 uictoris
448 897 621 979 praemium
637 892 735 961 esse!
778 894 848 961 His
860 894 985 961 Cursor
997 896 1140 960 vocibus
1153 897 1291 961 iustine·

195 1006 250 1061 tos
261 998 384 1061 milites
398 997 433 1061 in
449 996 601 1079 praelium
615 996 723 1063 ducit.
768 996 899 1061 Dextro
912 996 989 1080 ipsa
1003 1014 1105 1061 oomn
1117 998 1292 1077 eonsistit3

195 1100 331 1163 sinistro
347 1098 498 1181 praeieeit
507 1100 704 1181 magistrum
717 1098 878 1181 equitnm.
899 1098 1008 1163 Simul
1019 1102 1293 1175 eateonouraum,

194 1202 311 1283 iugens
325 1199 388 1265 fuit
399 1218 476 1265 eum
490 1199 588 1265 lroste
604 1207 794 1278 certamem
815 1217 884 1263 non
903 1199 1038 1280 segnius
1055 1199 1138 1263 inter
1149 1198 1293 1264 dictato-

193 1320 261 1367 rem
277 1306 313 1365 et
326 1302 522 1382 magistrum
537 1299 698 1383 equiturn,
710 1300 754 1365 ab
765 1306 839 1367 utra
846 1306 943 1383 parte
953 1298 1100 1365 uictoria
1110 1299 1294 1383 inciperet!

196 1402 294 1467 Prior
306 1402 390 1469 sorte
404 1400 428 1465 J
431 1402 529 1467 unius
544 1401 726 1467 oommorit
739 1400 879 1478 hostem,
905 1401 992 1467 loro
1006 1400 1161 1466 dextrum
1175 1419 1293 1483 oorqu,

196 1506 347 1569 sacratos
361 1521 454 1567 more
468 1501 672 1568 Samnitium
687 1500 825 1578 milites,
850 1520 957 1583 eoque
981 1500 1128 1567 candido
1148 1510 1243 1569 reste
1256 1512 1293 1568 st

194 1604 332 1686 paribus
352 1604 495 1669 candore
518 1603 620 1669 armis
642 1603 801 1689 insignes.
845 1601 937 1669 ‘Eos
957 1621 995 1669 se
1018 1600 1108 1667 Orco
1126 1602 1293 1670 maotare'

192 1704 217 1769 J
219 1706 317 1771 unius
331 1706 501 1784 dictitans,
523 1724 600 1769 cnm
615 1704 786 1769 intulisset
801 1702 910 1785 rigna,
931 1702 1077 1771 turbarit
1097 1702 1244 1781 ordines,
1256 1713 1293 1770 et

193 1806 283 1871 lraud
299 1806 400 1870 dubie
415 1805 550 1888 impulit
565 1804 679 1869 aciem.
724 1802 827 1882 Quod
842 1804 902 1869 ubi
918 1805 1027 1871 sensit
1035 1802 1191 1881 dictator,
1213 1806 1292 1873 ‘Ab

193 1908 323 1973 laerooe
360 1925 467 1971 cornu
504 1905 647 1971 victoria
680 1902 866 1989 incipieti'
901 1902 1020 1985 inquit,
1056 1907 1116 1969 ‘et
1138 1903 1294 1971 deatum

194 2026 309 2084 cornu,
338 2006 513 2071 dictatoris
542 2006 644 2083 acies,
671 2004 817 2071 alienam
850 2022 994 2085 pugnam
1022 2012 1195 2086 sequetur,
1227 2026 1292 2073 non

194 2115 323 2192 partem
358 2108 540 2179 maximam
575 2106 727 2172 uictorias
756 2106 910 2172 traheti’
968 2104 1124 2171 Gonoitat
1154 2108 1292 2173 militer.

196 2210 271 2274 Neo
287 2210 437 2292 peditum
452 2209 569 2273 virtuti
586 2210 732 2292 equites,
746 2218 806 2272 aut
819 2208 1002 2290 legatorum
1017 2206 1130 2273 studia
1148 2208 1293 2274 ducibus

195 2312 328 2379 oedunt
372 2311 423 2375 Μ.
438 2308 599 2376 Valerius
614 2330 635 2374 a
650 2309 784 2388 dextro,
809 2309 851 2375 P.
868 2309 994 2375 Decius
1008 2308 1053 2373 ab
1075 2308 1292 2390 monoceron,

195 2414 295 2479 ambo
311 2411 514 2488 consulares,
528 2410 571 2477 atl
588 2411 717 2494 equites
731 2411 765 2475 in
780 2412 937 2477 oomilms
952 2409 1292 2494 positosovohontun

197 2513 430 2595 adhortatique
445 2531 518 2590 eos,
531 2519 569 2577 nt
582 2517 709 2596 partem
733 2530 850 2577 seeum
863 2518 1078 2597 capesserent
1091 2510 1236 2591 decoris,
1256 2513 1294 2577 ia

195 2620 387 2679 transversa
412 2613 515 2677 latera
542 2612 715 2679 hostium*
737 2613 920 2681 incurrunt·
963 2612 1001 2678 is
1022 2632 1132 2679 norna
1157 2614 1293 2679 additus

197 2722 300 2781 terror
325 2733 401 2779 eum
423 2733 467 2779 ex
491 2722 587 2797 parte
611 2722 752 2797 utraque
773 2714 1044 2781 circumuasisset
1064 2717 1184 2792 aetem,
1199 2715 1294 2781 etad

198 2824 356 2880 terrorem
371 2815 533 2879 hostium¹
545 2816 692 2897 legiones
706 2814 882 2893 Romanae,
893 2816 1119 2898 redintegrato
1134 2815 1294 2894 elamore,

197 2918 386 2984 intulissent
398 2915 549 2997 gradum,
567 2921 637 2980 tum
651 2917 733 2999 suga
747 2918 791 2980 ab
812 2916 1022 2981 Samnitibus
1041 2925 1170 3000 ooepta.
1214 2916 1294 2983 Jarn

199 3025 309 3103 strage
323 3017 492 3081 hominnm
508 3034 741 3101 armorumque
764 3018 941 3103 insignium
960 3018 1073 3101 campi
1095 3017 1231 3100 repleri3
1253 3036 1295 3083 ao

197 3120 306 3203 primo
322 3116 463 3204 pavidos
479 3116 649 3182 Samnites
664 3124 775 3183 oestro
790 3137 853 3183 sna
866 3136 1047 3205 aoooperer
1069 3116 1189 3183 deinde
1201 3137 1295 3185 noea

196 3220 332 3305 quidem
346 3222 487 3284 retenta.
533 3216 650 3303 Captis
665 3218 875 3305 direptisque
900 3228 977 3285 ante
997 3227 1129 3287 noctem
1150 3220 1294 3303 injectus

196 3322 296 3403 ignis.
342 3319 498 3384 Dictator
518 3338 562 3383 ex
585 3324 720 3384 senatus
745 3321 898 3384 consulto
917 3319 1144 3403 triumphavit.
1187 3317 1293 3404 Cujus

196 3421 366 3503 triumpho
381 3420 478 3502 longe
494 3420 674 3484 maximam
690 3420 836 3503 speeiem
858 3420 993 3503 captiva
1007 3438 1099 3485 arma
1114 3421 1294 3504 praebuere.

196 3522 343 3587 Tantum
358 3518 613 3601 magnificentiae
625 3521 734 3584 uisum
750 3522 784 3584 in
800 3521 855 3597 iis,
865 3528 906 3584 ut
914 3528 1032 3586 aurata
1041 3528 1140 3587 scuta
1149 3522 1293 3587 dominis

198 3622 457 3707 argentariarum
471 3626 494 3659 ¹¹
518 3620 560 3687 od
576 3622 683 3687 sorum
698 3620 908 3691 emendum·
929 3620 1164 3691 dividerentur·
1208 3622 1293 3692 Inde

230 3754 243 3788 δ
261 3754 317 3803 Noa
326 3752 403 3802 rainer
412 3752 467 3813 fait
475 3754 774 3805 nummicolam&
781 3756 846 3806 later
853 3752 1293 3816 memsmmmemm.

196 3818 380 3870 «offlam
396 3818 492 3867 ιἰὶίᾰη
506 3818 708 3885 dudam,
724 3834 795 3884 qm
810 3816 1294 3871 scemurensem-trisa-

198 3886 287 3935 eereat.
383 3879 760 3947 ‘Mimneirlrrtea

650 3990 840 4015 ΟΜΟΟΝΟΟ

229 4067 261 4111 lu
278 4059 426 4125 ngenium
438 4064 524 4109 monet
532 4058 759 4121 fleotomum.
774 4093 781 4107 .
793 4092 800 4109 .
812 4090 819 4106 .
829 4058 1048 4109 remant-ll
1066 4054 1099 4105 ln
1110 4054 1177 4106 Mu.
1188 4062 1216 4106 et
1226 4064 1294 4109 anti.

230 4246 241 4289 t
260 4236 289 4285 la
301 4242 435 4285 transversa
445 4234 645 4301 laterotorliara]
660 4155 809 4288 NriipTSliir
825 4240 931 4308 oportet
949 4230 1038 4296 inisse,
1056 4239 1102 4282 aut
1116 4246 1207 4295 parum
1218 4247 1294 4284 aaru-

197 4311 248 4361 line
269 4319 343 4360 erant
362 4324 424 4374 ergo
444 4310 586 4361 Samnitum
608 4312 727 4375 equites?
769 4318 853 4361 ratum
866 4310 973 4359 liviniu-
995 4309 1023 4357 J.
1038 4307 1150 4357 clericae.
