3150 4942
561 452 635 499 ere.
658 451 742 499 vrrr.
766 452 849 499 ose.
871 436 904 500 9.
962 400 969 417 ’
1193 434 1279 500 1125

219 596 253 660 9.
277 594 423 661 Romani
439 594 594 661 eonsules
607 596 710 677 prius,
723 613 823 678 (luem
843 594 1019 659 educerent
1032 594 1068 657 in
1083 595 1201 671 eciem,
1216 595 1279 659 im·
1334 667 1338 674 ⁴

176 697 396 762 molauerunt.
441 696 549 761 Decio
575 700 676 779 eaput
694 694 863 777 jocinoris
878 702 905 732 ¹⁰
941 714 963 758 a
983 694 1139 759 familiari
1168 692 1279 777 parte¹

177 817 304 863 omeum
318 816 465 882 aruspex
480 796 601 861 dieitur
621 795 834 874 ostendisse,
858 795 985 877 alioqui
1010 801 1184 879 acceptam
1200 794 1278 859 Diis

176 897 322 963 hostiam
337 918 436 963 esse:
460 897 625 963 Manlium
640 898 772 979 egregie
787 897 916 961 litasse.
960 896 1085 979 ‘Atqui
1107 896 1193 959 bene
1218 895 1278 958 be·

176 988 258 1075 bet‚’¹
267 1000 377 1082 inquit
388 1000 526 1077 Decius,
540 1004 549 1034 ‘
561 1000 591 1063 si
605 1000 647 1063 ab
661 999 928 1081 eollegalitatnm
940 995 1042 1063 est.'¹¹
1057 995 1069 1033 ¹¹
1088 996 1279 1074 instructis,

177 1100 353 1165 sioutaute
365 1100 562 1177 dictumest,
574 1100 754 1177 ordinibus,
764 1119 961 1183 processere
972 1101 1007 1164 in
1021 1100 1142 1164 aciem.
1179 1098 1278 1162 Man·

176 1202 244 1265 lius
259 1201 392 1279 dextro,
414 1200 543 1267 Decius
559 1202 645 1267 laevo
666 1198 772 1266 cornu
785 1209 938 1283 praeerat.
982 1200 1097 1265 Primo
1112 1202 1279 1283 utrimque

176 1302 284 1383 aequis
314 1302 455 1379 viribus,
483 1301 603 1365 eodem
624 1302 744 1367 erdere
770 1302 956 1367 animorum
987 1303 1166 1383 gerebatur
1192 1320 1277 1367 ree:

178 1402 299 1467 deiude
326 1403 369 1466 ab
394 1401 482 1467 loevo
510 1420 612 1466 cornu
638 1401 761 1467 hastati
786 1402 945 1479 Romani,
968 1421 1036 1466 uon
1054 1404 1203 1466 ferentes
1216 1403 1280 1466 im-

178 1503 387 1587 pressionem
410 1503 614 1580 Latinorum,
641 1522 679 1567 se
702 1504 746 1566 ad
769 1504 938 1585 principes
953 1518 1115 1585 recepere.
1160 1502 1201 1567 Iu
1215 1502 1280 1567 bae

179 1604 401 1687 trepidatione
415 1603 544 1668 Decius
558 1604 677 1668 oonsul
694 1603 744 1667 Μ.
757 1602 930 1667 Valerium
944 1621 1066 1685 magna
1077 1622 1163 1667 voce
1175 1604 1280 1668 inela-

178 1712 270 1769 met:
293 1702 483 1783 ‘Deorum'
498 1704 617 1786 inquit,
633 1709 642 1741 ‘
659 1722 733 1786 ope,
754 1703 884 1780 Valeri,
908 1722 996 1785 opus
1017 1709 1083 1766 est.
1116 1702 1280 1785 Agedum,

178 1806 332 1889 pontifex
348 1805 506 1888 publicus
521 1805 640 1887 populi
656 1804 815 1881 Romani,
830 1806 913 1888 praei
939 1805 1053 1880 verbe,
1077 1804 1201 1886 quibus
1226 1824 1280 1868 me
1336 1794 1340 1799 ’

179 1924 243 1988 pro
269 1906 453 1987 legionibus
477 1904 681 1969 devoream?
724 1904 884 1969 Pontifex
909 1924 983 1967 eum
1005 1913 1117 1986 togam
1134 1911 1282 1987 praetex-

181 2010 248 2070 tem
263 2025 394 2071 sumere
404 2007 519 2089 jussit,
535 2010 578 2082 et,
594 2005 703 2069 velato
721 2007 843 2087 capite,
859 2022 958 2068 mauu
978 2006 1092 2068 subter
1106 2012 1220 2085 togam
1235 2004 1281 2069 ad

180 2110 325 2170 mentum
351 2112 476 2183 exerte,
502 2124 602 2187 super
625 2104 728 2167 telum
754 2103 945 2185 subjeetum
968 2104 1115 2186 pedibus
1137 2109 1281 2167 stantem

180 2208 232 2271 sic
248 2206 384 2270 dicere:
407 2206 525 2283 ‘Jaue,
539 2205 563 2269 J
565 2201 695 2287 upiter,¹
718 2204 814 2268 Mars
837 2212 943 2288 pater,
956 2202 1110 2281 Quirine,
1127 2204 1280 2281 Bellone,

182 2308 301 2387 Lares,
316 2308 397 2374 Divi
413 2305 649 2377 Novensilese
670 2304 730 2369 Dii
757 2305 941 2387 Indigetes,
958 2306 1052 2382 Diri,
1066 2325 1206 2387 quorum
1231 2310 1282 2368 est

640 2476 824 2496 confflem

216 2604 246 2649 1⁰
264 2598 496 2663 Abiectsorie-II
513 2600 575 2651 vet.
594 2600 640 2650 tib.
650 2597 720 2663 spud
734 2598 823 2663 Sigon.
835 2600 896 2649 siet
905 2600 995 2661 seltega
1010 2612 1119 2666 prospere
1130 2597 1226 2647 meust
1236 2600 1281 2645 est.

678 2728 787 2779 NOTAE

181 2826 336 2889 ltallrelgo
355 2832 448 2874 rocsut
469 2824 553 2875 Morte
570 2827 596 2875 di
609 2824 712 2888 Summe,
754 2825 869 2874 victima
891 2826 916 2874 in
939 2824 1002 2874 dues
1028 2828 1118 2887 partes
1138 2820 1282 2885 dividebat,

181 2917 199 2952 s
226 2902 344 2965 proximo
371 2900 427 2962 ejus
455 2901 565 2950 nominis
597 2900 710 2964 oppidor
754 2898 905 2948 familiarem
924 2909 953 2949 et
973 2898 1112 2947 bostilemr
1138 2905 1168 2945 ut
1183 2910 1215 2944 es
1236 2896 1283 2945 ills

168 2978 266 3027 ·nostri
288 2983 404 3027 veterem
422 2976 628 3039 appellationem
652 2976 712 3024 reti·
754 2979 862 3024 erentus
880 2988 949 3029 suos,
972 2988 1005 3023 es
1027 2972 1076 3021 bae
1094 2972 1207 3019 bostium
1227 2969 1283 3019 fers

182 3054 303 3110 nentdae
319 3052 418 3102 Vesuoe.
755 3048 921 3111 colligerent.
965 3048 1052 3109 Caput
1072 3052 1159 3093 sutem
1181 3044 1283 3093 initiunt

214 3126 282 3179 *Aa
299 3126 415 3190 Veserim]
443 3126 586 3177 Castellum
602 3125 653 3175 fuit
670 3133 715 3175 eet
754 3125 878 3173 fibrarum
901 3124 929 3173 iu
953 3124 1047 3186 jecore
1076 3119 1155 3170 fuisse
1177 3120 1285 3183 conjicit

182 3204 305 3269 oppidem
320 3202 369 3252 sub
385 3202 492 3252 Vesuuii
509 3202 604 3251 montis
623 3200 713 3251 rediri·
754 3200 892 3249 Turnebus
913 3201 931 3248 Ι.
949 3211 989 3247 rr.
1011 3212 1036 3247 e.
1056 3200 1096 3247 π.
1115 3194 1184 3245 Adr.
1221 3194 1284 3244 line

184 3280 241 3335 bus,
253 3291 303 3343 quo
314 3276 356 3325 rie
368 3275 473 3340 publice
482 3275 594 3325 ducebat
606 3275 638 3323 ub
650 3275 714 3323 urbe
753 3282 859 3337 spectet
869 3272 931 3323 illud
939 3271 1039 3321 Luesni
1050 3271 1069 3321 l.
1082 3284 1101 3319 ι.
1116 3272 1203 3321 ‘Eece
1211 3269 1285 3320 ridet

184 3355 284 3417 cepoe.
317 3350 417 3401 Auctor
429 3349 462 3399 de
478 3350 549 3398 Viris
566 3348 714 3399 illustribus
754 3345 834 3408 ospiti
854 3346 975 3395 fibrarum
995 3345 1142 3394 inerescere
1169 3343 1288 3392 molente.

183 3429 289 3479 fluvium
301 3426 376 3484 fecit,
388 3426 433 3476 sed
445 3426 523 3476 solus.
557 3427 597 3475 Eu
614 3426 714 3475 Nostro
755 3422 871 3471 Alterius
883 3422 977 3485 eapitis
992 3434 1051 3484 pers
1069 3432 1139 3481 egre
1152 3426 1182 3467 et
1191 3418 1283 3467 merei·

185 3505 238 3567 bie,
248 3511 277 3552 et
287 3504 330 3553 lib.
341 3516 369 3552 x.
380 3503 494 3565 itemque
506 3516 540 3551 es
551 3502 609 3551 cie.
621 3514 652 3550 so
664 3502 715 3549 Vs·
755 3498 790 3547 ds
801 3499 908 3562 pendet,
920 3498 986 3547 Pars
998 3494 1096 3545 micul

184 3576 714 3641 leriobisx.perspicuumestlocluomeu
786 3573 800 3607 ¹
823 3574 897 3623 Stet
914 3574 1006 3634 rellego
1023 3572 1121 3621 litetase
1138 3570 1186 3634 est]
1213 3568 1284 3621 Quid

184 3653 273 3705 fuisse.
307 3654 491 3716 NeeCspesm
512 3651 714 3701 iuteretVesu·
755 3650 805 3699 sibi
817 3650 899 3697 roluit
908 3649 1036 3713 Sigonius,
1051 3662 1110 3695 eum
1119 3659 1228 3709 pnspere
1245 3644 1281 3693 iu·
1358 3673 1363 3681 -

184 3732 253 3781 rium
272 3732 353 3780 erneis
373 3731 437 3780 ellus
456 3737 554 3793 praeter
570 3728 671 3777 Cleniru
683 3742 714 3777 ue
754 3725 846 3788 seruit,
856 3731 947 3775 eontra
964 3722 1041 3773 iidem
1059 3722 1193 3771 meliorum
1212 3718 1284 3767 eodi-

184 3806 327 3857 esbernum
346 3804 488 3855 Veteribus
498 3804 625 3867 cognitos.
655 3804 714 3853 Clu·
755 3803 830 3851 euru?
847 3801 918 3866 qussi
930 3814 981 3848 nou
994 3800 1077 3862 ipsum
1094 3810 1141 3859 per
1152 3809 1180 3843 se
1191 3794 1284 3843 litandi

185 3884 270 3933 serius
290 3884 361 3932 lueet
380 3896 430 3931 uon
452 3882 541 3944 prorui
558 3895 589 3930 eo
602 3881 659 3929 loeo
671 3880 715 3929 ubi
755 3876 862 3925 verbum
874 3888 1026 3938 prosperum
1038 3867 1284 3929 sacrifieiomsigni·

184 3957 261 4007 bodie
280 3956 385 4005 Somou.
429 3954 592 4005 blemorstur
611 3953 715 4018 quidem
755 3949 863 4000 ficeret:
881 3949 948 4013 quod
961 3945 1064 3997 Grecis
1079 3950 1122 3993 est
1140 3944 1284 4006 καλλιερεῖν,

184 4032 324 4083 Veteribus
337 4030 419 4081 amnis
431 4030 545 4094 Veteris,
563 4029 648 4080 sedin
666 4030 714 4079 Lu·
757 4032 786 4073 ut
798 4023 879 4072 Grou.
889 4028 975 4071 notet.

187 4108 233 4159 tio.
788 4098 796 4132 ¹
809 4098 882 4156 Jsrrs,
893 4095 1003 4158 Jupiter]
1022 4094 1062 4141 Eu
1073 4090 1210 4142 formulam
1225 4106 1283 4142 sese

218 4184 225 4215 ¹
244 4182 449 4243 crpurjeeiaerb
466 4179 616 4239 usemilirrri
632 4178 715 4243 purte]
755 4189 804 4239 pro
815 4168 1065 4237 petrisderorendl.

187 4257 277 4307 Verbs
297 4265 358 4307 suut
379 4256 542 4321 aruspicina,
563 4253 715 4318 quatietur
788 4259 806 4284 ὓ
825 4248 886 4297 Diui
897 4244 1049 4308 Nouensiles]
1068 4245 1197 4295 Romame
1211 4244 1284 4294 Sabi·
