3150 4942
331 432 418 499 lars
804 444 838 490 u.
864 444 960 491 urvrr

330 588 513 671 extemplo,
538 586 716 653 consulatu
739 586 831 665 inito,
854 586 1029 670 proiectos
1048 586 1083 649 in
1103 583 1270 649 Etruriam
1288 586 1411 649 Panion

330 690 556 773 Deciumque,
571 692 643 753 siue
660 689 732 752 nlla
752 688 917 753 mentione
940 687 1043 751 sortis
1063 687 1310 768 provinciarum
1326 694 1415 751 certa·

328 792 521 874 minumque
537 792 623 855 inter
637 788 801 871 collegas,
825 806 905 872 qum
924 788 1081 872 exposui.
1125 788 1227 864 Sunt,
1254 788 1416 869 quibnsue
1516 873 1517 876 Ἴ

328 892 403 957 haec
418 891 550 974 quidem
570 890 753 962 certamina
773 907 943 970 exponere
964 890 1047 953 satis
1072 887 1180 952 fuerit.
1226 887 1416 970 Adjecerunt
1516 901 1517 908 ¹

329 998 363 1057 et
386 990 491 1074 Appii
514 992 761 1055 criminationes
785 988 828 1051 de
851 987 961 1052 Fabiu
981 990 1119 1052 absente
1138 988 1182 1053 ad
1198 989 1371 1071 populum,
1389 994 1416 1049 et

328 1094 547 1177 pertinaciam
558 1092 715 1156 adversus
727 1096 926 1172 praesentem
938 1088 1110 1152 consulem
1117 1091 1291 1169 praetoris,
1302 1096 1414 1155 conten

331 1196 523 1278 tionemque
548 1194 648 1258 aliem
672 1195 755 1257 iuter
782 1191 940 1272 collegas,
968 1190 1124 1255 tendente
1148 1190 1276 1267 Decio,
1299 1199 1336 1255 ut
1356 1209 1415 1255 sue

329 1296 468 1379 quisque
492 1296 676 1379 provinciae
702 1304 826 1357 sortem
848 1300 1008 1355 tueretur.
1051 1290 1217 1357 Constare
1235 1312 1291 1357 res
1314 1294 1413 1374 incipit
1516 1293 1517 1342 1

327 1414 371 1459 ex
386 1414 425 1461 eo
439 1403 597 1479 ternpore,
612 1416 680 1480 quo
696 1394 838 1479 profecti
854 1394 956 1459 ambo
971 1394 1130 1458 consules
1141 1393 1184 1457 ad
1200 1393 1329 1458 bellum
1343 1400 1413 1456 sunt.

329 1496 497 1575 Ceterum,
514 1507 692 1581 antequem
709 1498 869 1561 consules
884 1497 919 1559 iu
936 1496 1103 1559 Etruriam
1125 1496 1347 1575 pervenirent,
1367 1495 1414 1559 Se
1516 1469 1517 1508 ³

327 1617 432 1665 nones
463 1598 578 1666 Galli¹
608 1598 821 1662 multitudiue
849 1598 973 1679 ingenii
1002 1597 1046 1661 ud
1076 1596 1232 1661 Clusium
1264 1602 1415 1669 venerunt,

327 1699 490 1780 legionem
518 1699 705 1763 Romanam
730 1708 908 1783 castraque
932 1698 1165 1782 oppugnaturi.
1208 1698 1341 1781 Scipio,
1365 1697 1415 1779 qui
1516 1709 1517 1730 2

328 1800 445 1865 castris
460 1808 611 1882 praeerat,
627 1801 703 1865 luco
727 1800 951 1885 adjurandam
967 1801 1173 1882 paucitatem
1187 1818 1327 1865 suorum
1344 1800 1413 1863 mili·

328 1905 398 1967 tum
414 1910 520 1977 ratus,
535 1902 570 1964 in
586 1902 718 1979 collem,
734 1902 794 1985 qui
809 1903 897 1965 inter
910 1902 1026 1965 urbem
1041 1910 1078 1965 et
1092 1907 1204 1965 castra
1216 1912 1305 1978 erat,
1320 1901 1413 1966 aciem

328 2002 478 2067 erexit.¹⁴
519 2002 599 2081 Sed,
614 2012 650 2068 ut
665 2004 698 2069 in
713 2022 747 2067 rc
761 2004 888 2076 subita,
910 2023 1031 2087 parum
1054 2004 1244 2086 explorato.
1255 2005 1365 2068 itinere
1377 1999 1413 2063 ad

322 2102 439 2186 jugum
462 2106 619 2185 perrexit,
639 2104 730 2189 qnod
746 2107 861 2169 hostes
875 2114 1043 2188 ceperant,
1067 2110 1164 2188 parte
1186 2106 1257 2169 alia
1279 2102 1413 2186 ψῃ
1516 2101 1517 2116 1

327 2202 383 2267 Ita
398 2224 488 2270 creua
504 2207 546 2269 ab
557 2212 646 2287 tergo
659 2208 760 2289 legio,
775 2216 878 2290 atque
889 2207 922 2271 in
936 2206 1060 2283 medio,
1074 2226 1151 2270 cnm
1162 2208 1274 2271 hostis
1286 2204 1412 2286 nudique

327 2313 466 2387 urgeret,
490 2308 727 2373 circumventa.
774 2306 929 2371 Deletam
954 2326 1089 2390 quoque
1109 2308 1158 2371 ibi
1180 2308 1354 2389 legionem,
1373 2304 1412 2366 iu

327 2413 364 2469 ut
378 2409 511 2473 nuntius
526 2428 592 2473 non
606 2415 813 2491 superesset,
828 2406 966 2491 quidam
982 2415 1136 2474 auctores
1149 2418 1251 2487 sunt;
1274 2427 1335 2473 nec
1348 2412 1409 2470 ente

327 2506 368 2569 ad
385 2510 548 2587 consules,
563 2513 619 2593 qui
629 2510 702 2593 jam
717 2510 807 2575 haud
823 2510 943 2593 procul
959 2528 980 2573 a
995 2509 1115 2575 Clusio
1130 2497 1284 2587 aberant,
1302 2510 1410 2573 saman

326 2606 400 2689 ejus
425 2608 534 2670 cladis
555 2610 726 2690 perlatam,
746 2629 846 2693 quam
872 2611 907 2673 in
930 2620 1117 2694 conspectu
1139 2612 1232 2676 fuere
1252 2611 1408 2676 Gallorum

327 2708 469 2789 equites,
485 2710 674 2791 pectoribus
689 2730 852 2793 equorum
865 2730 1033 2795 suspensa
1046 2720 1217 2795 gestantes
1232 2706 1364 2797 capitu,i
1381 2714 1409 2770 et
1515 2713 1516 2732 ³

326 2808 456 2873 lanceis
479 2810 601 2891 infixa;
624 2819 829 2895 orantesque
853 2815 954 2877 moris
974 2816 1027 2877 sui
1047 2818 1202 2879 carmine.
1245 2808 1408 2892 Santoni

326 2908 474 2975 Umbros
499 2912 616 2989 luisse,
643 2932 711 2977 non
735 2914 871 2990 Gallos,
899 2915 1050 2995 tradant3
1073 2936 1134 2980 nec
1159 2924 1288 2982 tanturn
1315 2912 1408 2979 cledis

324 3022 523 3095 acceptum:
545 3020 577 3079 el
599 3016 836 3080 circumventis
861 3015 1118 3097 pabulatoribus
1139 3038 1215 3083 cum
1240 3018 1281 3081 L.
1296 3010 1406 3081 Manlio

324 3111 498 3196 Torquato
513 3113 627 3195 legato
642 3115 834 3197 Scipionem
851 3124 1091 3200 propraetorem
1107 3119 1300 3183 subsidium
1314 3138 1332 3181 c
1346 3131 1406 3179 carr

325 3216 384 3277 tris
399 3216 526 3294 tulisse,
544 3216 754 3299 victoresque
769 3215 928 3294 Umbros,
941 3218 1163 3301 redintegrato
1174 3222 1303 3304 praelio,
1315 3221 1404 3283 victos

358 3510 388 3554 1³
406 3506 464 3553 Vox
473 3508 575 3556 curulis
583 3508 698 3557 nnnnilril
707 3518 827 3573 inspecta
841 3510 1023 3560 Dnlrerc—lt
1039 3511 1090 3560 ‘Is
1099 3479 1181 3561 alta
1191 3546 1198 3561 .
1208 3548 1214 3561 .
1224 3544 1233 3559 .
1242 3514 1316 3564 rere·
1329 3508 1401 3567 ned,

325 3574 354 3619 ut
365 3582 404 3619 rx.
416 3574 457 3619 tl.
469 3572 502 3619 al.
514 3574 629 3633 procelle
640 3588 672 3623 ex
683 3578 709 3623 a.
725 3576 790 3626 utra
802 3576 889 3639 recepi
899 3576 1021 3639 exemplo
1031 3574 1301 3629 maurenascae·
1318 3577 1400 3637 W·

818 3720 928 3773 NOTAE

354 3828 648 3893 summittendum
667 3830 851 3896 reilicctjam·
922 3834 1087 3885 'Pectorilrr
1103 3850 1214 3897 murra·
1235 3847 1396 3901 remergu-
1513 3803 1514 3808 ¹

322 3904 365 3955 diu
390 3904 503 3954 Unrbriu
531 3906 657 3955 ruaritirna
691 3906 851 3974 insederunt,
890 3912 970 3961 tenter
985 3912 1075 3976 capitu]
1091 3910 1142 3960 Hic
1161 3926 1215 3961 raca
1232 3912 1400 3963 Germanorum

322 3978 483 4043 Romamque
504 3981 684 4046 incenderant,
701 3991 731 4033 ut
752 3983 850 4034 dictum
891 4003 994 4053 quoqne
1011 3987 1071 4049 soit,
1083 3995 1189 4037 rumore
1201 3988 1317 4039 Diodoro
1329 3986 1398 4037 Siculo

325 4054 373 4103 lib·
384 4068 409 4103 v·
891 4065 937 4116 lllr.
948 4078 989 4115 ιν.
998 4065 1117 4127 aliisque,
1127 4071 1157 4112 ut
1167 4064 1280 4115 hoedum
1292 4074 1398 4113 cuum

354 4130 366 4164 ὓ
384 4132 457 4180 Parte
468 4132 517 4181 elin
527 4134 628 4198 spani]
646 4135 734 4186 ctnrte
746 4152 851 4201 nempe,
891 4142 979 4204 cupita
987 4148 1162 4201 ortentarent,
1170 4134 1397 4191 aureliacensis,

324 4213 369 4255 aut
381 4208 471 4256 castris
482 4208 649 4293 srrtregrerrt,
662 4226 752 4263 aversa
770 4230 785 4263 ι
800 4215 851 4264 Rc·
891 4216 946 4266 rire
957 4231 1079 4282 eqncmrn
1092 4214 1361 4281 pecteribmdeltgara

322 4294 455 4335 manorum
466 4292 558 4332 cartrrs
572 4284 684 4363 regione.
