3150 4942
437 486 443 495 ·
554 476 628 523 urs.
654 476 707 525 rx.
730 477 812 527 ura.
836 460 890 527 16.
1193 462 1280 528 1225

146 620 149 627 '
178 615 300 681 elarior
312 616 453 681 victoria
475 617 594 699 populi
610 618 753 683 Romani
767 627 821 684 est
832 628 853 684 :⁸
877 620 1042 703 siquidem
1058 622 1158 687 etiam
1172 621 1279 706 (quod

180 718 380 800 quibusdam
392 719 427 781 iu
442 719 616 782 annalibus
631 718 807 801 iuvenio)⁹
831 720 988 799 Pontius,
1005 722 1165 785 Herennii
1180 723 1280 801 lilius,

179 822 382 887 Samnitium
403 821 593 903 imperator,
617 826 654 884 ut
675 822 831 905 expiaret
854 824 1030 887 consulum
1051 824 1280 905 ignominiam,

179 926 243 987 snb
267 924 387 1005 jugum
415 942 490 987 cum
516 926 638 989 ceteris
668 929 719 989 est
745 925 880 989 missus.
925 925 1078 990 Ceterum
1108 924 1145 988 id
1170 927 1281 991 minus

178 1024 291 1100 miror,
318 1025 500 1088 obscurum
520 1043 597 1089 esse
623 1025 665 1091 (le
689 1027 832 1089 hostium
857 1025 943 1089 duce
970 1023 1085 1089 dedito
1106 1026 1282 1108 missoque

179 1125 391 1207 subjugum:
415 1126 449 1189 id
466 1128 571 1207 magis
586 1127 740 1192 mirabile
764 1132 827 1203 est,
852 1126 990 1208 ambigi,
1008 1126 1175 1191 Luciusne
1197 1126 1281 1192 Cor-

179 1226 289 1291 nelius
313 1225 480 1290 dictator!
508 1246 583 1291 eum
606 1227 647 1292 1..
663 1227 805 1310 Papirio
820 1226 976 1306 cursore,
999 1228 1160 1308 magistro
1185 1229 1281 1312 oqui-

179 1336 260 1404 tum,
285 1346 346 1391 eas
371 1346 425 1391 res
450 1326 492 1390 ad
509 1326 676 1391 Gaudium
700 1336 803 1412 atque
827 1327 909 1391 inde
934 1328 1113 1393 Luceriam
1130 1330 1281 1410 gesserit,

180 1430 334 1511 ultorque
348 1429 466 1493 unicus
478 1427 645 1493 Romanae
662 1428 868 1510 ignominiae,
883 1429 975 1492 haud
989 1430 1096 1495 sciam
1107 1449 1151 1494 an
1158 1429 1283 1511 justis·

182 1530 268 1598 simo
283 1530 448 1613 triumpho
460 1530 503 1593 ad
515 1548 589 1593 eam
599 1534 733 1593 oetatem
744 1528 926 1595 seeundum
936 1530 1075 1595 Furium
1090 1530 1283 1608 Camillum,

182 1632 442 1716 triumphaverit,
469 1650 512 1695 au
538 1633 712 1696 consulum
745 1631 943 1715 Papiriique
973 1634 1217 1716 praeeipnnm¹⁰
1247 1633 1283 1696 id

182 1733 288 1797 denus
305 1734 358 1796 sit.
404 1734 562 1816 Sequitur
584 1733 674 1799 bnuc
700 1754 849 1799 errorem
874 1735 963 1799 alius
986 1754 1089 1814 error,
1115 1734 1283 1800 Cursorne

181 1835 361 1918 Papirius¹
389 1835 554 1919 proximis
583 1835 729 1901 comitiis
755 1856 833 1900 num
861 1835 905 1915 Q.
934 1835 1037 1901 Aulio
1049 1844 1073 1876 ¹¹
1104 1837 1283 1903 Cerretano

181 1937 314 2013 iterum,
329 1939 454 2001 obrem
467 1939 552 2001 bene
564 1943 687 2019 gestam
701 1936 853 2002 Luceriae
865 1940 1058 2003 continuato
1071 1940 1281 2020 magistratu,

181 2040 300 2104 consul
315 2041 442 2104 tertium
458 2045 592 2107 oreatus
609 2040 681 2115 sit,'
703 2058 746 2103 an
770 2038 811 2103 1..
828 2038 987 2123 Papirius
1010 2038 1230 2121 Mugillanus,
1246 2047 1281 2104 et

181 2144 215 2206 in
230 2142 426 2225 cognomine
439 2148 581 2206 erratum
598 2141 654 2205 sit.

223 2244 278 2309 16.
302 2242 479 2320 Convenit,
497 2242 569 2325 jam
592 2242 671 2306 inde
688 2260 748 2323 per
769 2241 928 2305 eonsules
951 2240 1080 2323 reliqua
1101 2239 1183 2305 belli
1208 2261 1285 2324 per·.

180 2345 280 2409 iacta.
324 2343 449 2410 Aulius
465 2363 540 2409 cum
557 2342 750 2407 Ferentanis
762 2350 812 2381 ¹²·
837 2362 905 2407 uno
927 2342 1076 2405 secundo
1090 2342 1210 2423 praelio
1226 2341 1284 2406 de·

181 2447 339 2527 bellavit3
363 2444 547 2529 urbemque
568 2447 692 2529 ipsam,
716 2464 782 2529 quo
808 2443 946 2508 seinse
971 2444 1158 2509 contulerat
1179 2443 1281 2520 acies,

182 2549 356 2613 obsidibus
372 2548 555 2631 imperatis,
580 2548 615 2611 in
638 2546 844 2612 deditionem
859 2545 1002 2628 accepit.
1046 2542 1128 2607 Pari
1148 2543 1286 2609 fortuna

183 2650 360 2717 consulum
391 2650 474 2714 alter
503 2667 579 2714 curu
606 2646 805 2723 Satricanis,
831 2645 891 2730 qui
914 2646 1010 2709 cives
1034 2644 1182 2708 Romani
1206 2653 1286 2729 post

213 2830 223 2860 ¹
245 2828 294 2879 Vix
304 2830 352 2880 alio
362 2835 398 2879 ert
411 2830 571 2880 Romamn
580 2826 681 2879 morta
689 2826 808 2875 illustrior
816 2840 849 2875 a·
860 2826 970 2885 fortuna
979 2824 1102 2888 repentino
1114 2824 1253 2873 nutatione.

648 2968 819 2988 ”eunuco

182 3085 317 3148 legiones!
332 3086 360 3135 J.
371 3086 403 3136 F.
416 3086 571 3135 arom-o
585 3084 646 3133 ‘Slc
657 3084 723 3133 llius.
737 3097 788 3131 non
803 3081 941 3133 tumtur:
953 3082 979 3133 J.
994 3082 1025 3132 F.
1040 3082 1222 3130 (ironam-lo
1242 3079 1285 3127 ΑΙ,

183 3166 215 3200 ur
225 3150 328 3201 emulis
341 3152 435 3214 Papirii
444 3152 662 3213 precipuum-ll
679 3147 721 3199 Ar.
734 3146 841 3197 AEurilr'o.

679 3308 792 3362 NOTAE

216 3419 228 3453 r
246 3410 363 3461 Luciusne
375 3408 498 3459 Cornelius
507 3404 623 3469 dictator]
643 3408 715 3457 Duos
755 3405 818 3469 lpse
839 3405 940 3453 Auctor
958 3410 1051 3465 postes
1069 3402 1207 3451 Cursorem
1224 3414 1287 3449 eun·

186 3492 264 3535 antea
283 3486 377 3535 Lneior
397 3486 530 3535 cornelios
552 3484 715 3546 memorarit,
756 3479 816 3529 dem
828 3475 1145 3529 rv.oonrulemnominrt.

186 3560 333 3623 Scipionem
354 3568 381 3608 et
403 3560 552 3610 uetulum.
593 3558 636 3606 lle
656 3567 715 3606 utro
752 3611 757 3625 .
788 3554 804 3584 ⁶
822 3554 1005 3603 luctu.

187 3636 284 3686 sentiat
304 3648 356 3685 nnn
378 3635 459 3699 megia
475 3634 571 3697 aperlt,
587 3646 662 3697 quem
681 3632 714 3681 de
789 3631 879 3679 *Gan
897 3623 1052 3688 Ferentanis]
1075 3626 1222 3680 Forentum,
1245 3626 1287 3674 rel

186 3725 218 3760 eo
228 3712 365 3776 quicquam
374 3708 649 3773 pronuntiatourtl,nn
661 3707 715 3757 ‹lic-
757 3708 844 3770 potine
857 3706 994 3765 rotatu,
1011 3703 1136 3767 oppidum
1153 3698 1203 3750 init
1216 3699 1288 3761 Apu·

186 3794 264 3849 tator,
275 3800 306 3836 an
319 3784 577 3835 cousulersamniter
595 3796 663 3833 nnnc
680 3781 716 3831 vi·
755 3782 798 3831 liae
809 3782 945 3831 Peucetirs
957 3779 1034 3841 paulo
1051 3778 1120 3826 nitra
1139 3773 1290 3835 Venusiam,

187 3864 278 3913 nerim.
757 3857 913 3909 intermedio
933 3856 1044 3904 Vulture
1064 3858 1161 3911 moute,
1184 3848 1289 3911 propin·

223 3933 502 3998 'GurmurPapiriru1
524 3933 641 3985 Duorum
654 3948 717 3999 qno·
758 3934 834 3997 quius
857 3930 1033 3982 Acheruntia.
1065 3926 1154 3975 Hodie
1172 3924 1289 3973 Furem.

186 4027 237 4077 que
261 4013 398 4063 Luciorum
415 4008 582 4075 Papiriorunr
608 4008 718 4075 antebac
759 4009 824 4071 llius
844 4006 961 4055 menrinlt
983 4002 1078 4052 Horat.
1098 4000 1117 4048 l.
1133 4012 1177 4047 ιιι.
1200 3999 1288 4049 earm.

187 4090 294 4147 mentio,
314 4088 431 4138 Carraria
449 4094 477 4136 et
488 4086 633 4150 Mugillnui.
665 4085 717 4134 Sed
759 4082 821 4130 Ode
832 4086 857 4129 t.
868 4087 899 4129 ut
916 4087 990 4128 reete
1009 4075 1132 4126 observat
1147 4075 1221 4125 Girr.
1234 4074 1287 4137 Op-

188 4164 325 4212 Cursorem
348 4176 391 4212 ιιι.
417 4162 548 4212 contulum
575 4160 717 4225 scriptore·
760 4155 850 4220 pidani
862 4153 948 4203 Plinio
959 4161 988 4201 et
1004 4150 1136 4214 Stephano
1151 4150 1290 4209 Forentani,

188 4238 375 4301 triumphorum
401 4237 541 4301 Capitolini
569 4236 720 4301 subjiciunt,
760 4223 1289 4279 aFrentaniaetFerentinatibusdrrersi.

189 4326 248 4361 eum
259 4314 293 4363 Q.
306 4312 381 4361 Aulio
389 4314 540 4369 Cerretano,
549 4326 599 4361 nou
609 4310 720 4361 AEmilio.

255 4392 343 4456 Deipll.
354 4398 376 4441 rt
392 4392 449 4443 Vur.
461 4392 525 4441 Cha.
699 4390 790 4439 Liuius.
1164 4388 1179 4430 ⁴
1198 4381 1222 4429 N
1292 4434 1295 4438 ,
