3150 4942
556 370 629 419 nra.
652 372 709 421 rx.
732 370 815 420 eur.
837 354 889 420 «la
1187 360 1277 427 lass

173 510 299 578 deditio
313 510 387 579 lieri
401 517 531 596 coepta:
554 520 590 578 et
605 516 706 598 pecti,
721 516 781 599 qui
797 515 998 581 Samnitium
1012 516 1130 591 forent,
1146 526 1185 583 ut
1195 538 1272 585 cum

173 614 312 695 singulis
337 614 541 679 vestimentis
566 616 800 681 emitterentur·
853 617 904 680 Hi
929 632 1045 681 omues
1071 620 1275 702 subjugum

173 712 282 777 missi.
325 712 437 777 Sociis
452 714 649 780 Samnitium
664 716 744 780 nibil
760 726 909 782 cnutum·
950 716 1006 783 Ae
1022 731 1151 802 septem
1165 720 1275 785 millis

173 814 236 877 sub
252 832 377 881 corona
390 814 533 880 veniere.
572 814 642 894 Qui
657 834 694 880 se
709 818 816 883 civem
832 818 1018 883 Hernicum
1030 820 1173 898 dixerat,
1183 840 1274 885 seor·

173 932 247 979 sum
271 915 306 977 in
330 913 485 979 custodia
505 915 648 981 babitus.
693 916 760 982 Eos
784 938 899 982 omnes
920 919 1048 983 Fabius
1066 919 1213 985 Romam
1228 922 1271 987 ad

171 1018 324 1083 sonetum
338 1015 446 1079 misit:
468 1022 515 1094 et,
529 1034 606 1080 cum
621 1017 801 1099 quaesitum
815 1024 917 1094 esset,
933 1019 1074 1095 delectu,
1091 1038 1134 1083 an
1155 1022 1271 1085 volun·

170 1114 268 1181 terii*
291 1133 353 1197 pro
377 1114 585 1181 Samnitibus
610 1116 771 1181 adversus
799 1118 974 1183 Romanos
997 1120 1189 1197 bellassent,
1211 1142 1271 1203 per

170 1214 310 1279 Latinos
331 1216 475 1297 populos
491 1217 727 1282 custodiendi¹¹
749 1220 881 1285 duntur.
923 1221 947 1284 J
949 1221 1086 1304 ussique
1101 1241 1174 1285 eam
1189 1224 1272 1287 inte-

171 1334 261 1398 gram
285 1334 352 1379 rem
378 1316 457 1379 novi
471 1316 642 1393 consules,
657 1316 699 1382 P.
715 1318 884 1383 Cornelius
899 1318 1040 1396 Arvina,
1056 1320 1100 1400 Q.
1119 1320 1271 1387 Marcius

169 1415 357 1492 Tremulus,
376 1416 418 1501 (ii
440 1416 528 1481 enim
543 1417 616 1500 jem
638 1420 746 1483 creati
768 1423 888 1497 eraut‚)
904 1419 948 1483 ad
969 1427 1119 1485 senatum
1138 1422 1269 1487 referre.

170 1518 329 1599 Idmgre
355 1517 447 1599 passi
473 1518 625 1583 Hernici.
680 1518 865 1587 Concilium
892 1522 1095 1605 populorum
1120 1524 1270 1590 onmium

167 1619 369 1685 habentibus
384 1616 572 1699 Anagninis
582 1625 596 1653 ⁰
617 1619 649 1683 in
667 1622 769 1693 circo,
785 1640 883 1702 quem
900 1620 1108 1685 Maritimum
1122 1629 1270 1701 vocante

167 1728 289 1803 preater
318 1718 567 1795 Aletrinatem,l
601 1720 939 1803 Ferentinatemque:
970 1730 1006 1785 et
1038 1722 1270 1802 Verulanum:

169 1840 287 1887 omnes
312 1820 452 1885 Hernici
475 1820 638 1885 nominis⁸
662 1823 788 1907 populo
812 1820 971 1886 Romano
992 1823 1116 1887 bellum
1137 1825 1270 1889 indixe-
1316 1872 1320 1880 .

168 1927 254 1985 runt.
553 1985 556 1991 .

212 2022 266 2089 43.
281 2021 322 2085 In
332 2022 471 2087 Samnio
486 2042 636 2105 quoque,
651 2024 733 2107 quia
748 2025 939 2088 decesserat
952 2023 1030 2087 inde
1040 2022 1176 2100 Fabius,
1185 2025 1269 2091 novi

168 2131 285 2189 motus
309 2124 428 2187 exorti.
474 2122 610 2190 Calatis
630 2128 662 2186 et
685 2124 771 2187 Sora
795 2123 1032 2206 praesidiaque,
1055 2143 1133 2206 quae
1159 2124 1193 2187 in
1222 2126 1268 2191 iis

169 2224 325 2291 Romana
341 2228 444 2299 eruut,
458 2230 670 2307 expugnate:
693 2229 726 2287 et
744 2223 778 2287 iu
801 2224 1013 2304 captivorum
1026 2242 1166 2305 corpore
1179 2226 1269 2291 mili·

169 2336 241 2394 tum
254 2327 345 2391 soede
359 2327 525 2391 saevitum.
568 2325 687 2410 Itaque
701 2346 744 2391 eo
767 2325 809 2390 P.
825 2326 999 2389 Cornelius
1018 2346 1096 2390 cum
1111 2327 1270 2397 exercitu

201 2504 212 2538 t
229 2498 267 2547 Aa
276 2496 370 2561 publico
380 2494 488 2559 consiliu
498 2512 529 2545 us
541 2494 642 2547 arbitris
653 2474 753 2561 quisque
760 2512 802 2545 suo
811 2494 934 2559 prisetiss.

663 2640 773 2693 NOTAE

202 2752 281 2801 ¹·Pn·
308 2752 408 2802 Latinos
424 2754 520 2815 pepstss
539 2750 698 2814 mutescit]
737 2751 1268 2818 musdietuscomperstiosecircialteri⁴

168 2828 223 2879 Hic
235 2841 287 2877 mos
298 2824 358 2891 init,
377 2842 437 2877 curn
454 2828 543 2877 hostes
555 2826 637 2889 cepti,
653 2834 698 2875 sut
737 2843 768 2877 us
786 2828 831 2892 qui
850 2831 920 2891 spnd
938 2830 1046 2879 eundern
1065 2829 1165 2893 urbem,
1182 2830 1269 2879 adbuc

169 2905 248 2953 etium
260 2904 374 2966 suspecti
385 2903 465 2957 eires,
481 2916 574 2964 rengno
590 2914 697 2950 numere
736 2902 781 2950 illo
793 2904 917 2951 remotior
927 2918 942 2951 a
953 2905 1027 2954 mari.

169 2980 196 3028 iu
214 2978 359 3029 custodiam
378 2977 456 3028 dsudl
474 2977 634 3038 viderentur,
651 2975 696 3025 do·
768 2986 780 3020 t
805 2979 902 3027 Proeler
922 2974 1093 3043 Aletrinatem]
1127 2977 1267 3040 Aletrium,

169 3067 219 3105 use
229 3054 354 3117 dumusti,
364 3061 411 3104 sut
426 3052 536 3103 absoluti
555 3060 651 3105 esseut.
667 3058 696 3101 ut
736 3054 790 3103 sive
800 3052 938 3109 Aletrium,
948 3053 1126 3117 rulgeAlctrs,
1136 3053 1168 3102 stt
1180 3062 1267 3105 ortum

169 3144 221 3180 nou
232 3132 258 3181 iu
270 3130 344 3193 urbe,
355 3130 401 3180 sed
415 3144 461 3194 per
473 3128 615 3193 municipis
625 3130 696 3179 colo·
738 3129 856 3178 aestivum
875 3128 1002 3193 Anagnis
1021 3135 1074 3189 est,
1093 3142 1181 3178 versus
1197 3128 1267 3177 Liris

168 3206 258 3256 niasue
270 3206 366 3256 vicinas
381 3204 545 3257 custodiendi
559 3204 695 3254 distribue·
736 3202 831 3253 fontes.
864 3205 1036 3267 Episcopatus
1046 3206 1123 3255 titulo
1134 3205 1240 3268 gaudet.

169 3290 269 3332 renuit.
302 3282 334 3332 Isi
347 3280 380 3331 de
394 3282 534 3345 conjuratis
551 3294 609 3330 cum
625 3279 696 3329 csti-
769 3279 1026 3343 tumuisse-squ]
1053 3282 1095 3330 De
1113 3282 1265 3344 Ferentino,

167 3356 441 3408 liusCaessreeusult.
475 3356 549 3407 idem
561 3356 588 3405 iu
601 3353 693 3405 Herni·
736 3352 804 3418 quud
825 3355 951 3415 Anagnia
973 3354 1005 3403 sd
1025 3354 1159 3405 meridiem
1177 3357 1203 3405 in
1224 3358 1266 3406 ris

168 3432 207 3480 eis
217 3431 301 3493 captis
311 3444 380 3480 nuuc
391 3436 529 3481 seruatum.
737 3430 842 3493 Latina,
863 3430 971 3494 aliisque
991 3432 1186 3493 cognominibus
1208 3426 1265 3481 fere

201 3513 213 3537 ⁰
223 3503 372 3568 demisit]
383 3504 566 3565 Hamieeruur,
576 3503 620 3567 qui
625 3508 697 3565 post·
737 3504 810 3559 loeis,
827 3505 903 3566 vulgo
923 3518 992 3554 nune
1003 3505 1141 3568 Fusstise,
1151 3513 1197 3557 sut
1207 3507 1265 3557 lio·

169 3594 201 3630 es
211 3580 285 3630 latio
299 3579 618 3645 sddithcsputliusgnis,
629 3593 697 3628 nune
737 3578 841 3641 emino,
852 3581 894 3641 egi
913 3580 958 3631 lib.
970 3592 1000 3628 rr.
1018 3593 1043 3632 c.
1054 3584 1096 3631 88.
1112 3590 1141 3632 st
1158 3582 1267 3631 lib-vu.

168 3670 270 3722 queque
288 3655 387 3718 Amani
404 3656 492 3707 dicte:
510 3658 536 3705 in
555 3655 697 3718 Campanis
738 3659 797 3704 uti·

170 3732 247 3781 Rom.
258 3731 316 3780 loco
327 3730 399 3781 edito
412 3745 501 3796 purum
514 3730 594 3781 euits.
768 3741 777 3765 ¹
797 3731 951 3795 Verslussss]
968 3732 1073 3782 Verulis
1091 3731 1140 3780 sub
1151 3730 1264 3780 {sufibus

201 3812 215 3847 Ρ
231 3807 263 3856 ln
273 3806 345 3868 circs,
355 3818 423 3869 psus
438 3807 592 3857 Maritimum
600 3803 697 3867 noem]
739 3810 812 3860 cose
823 3810 917 3870 amnis,
927 3809 1041 3872 quinque
1051 3806 1084 3855 ab
1095 3805 1197 3855 Alanis
1207 3805 1264 3855 mil·

170 3880 208 3930 At
219 3880 328 3931 Hernici
342 3882 412 3930 nulls
431 3896 465 3931 ex
483 3890 559 3946 perte
576 3894 647 3931 ruste
658 3888 696 3930 ut·
737 3883 806 3933 libus
817 3885 843 3932 ln
855 3882 988 3942 Austrum,
999 3881 1076 3942 uulgo
1090 3879 1178 3929 Veroli.

170 3958 311 4020 tingebant
355 3956 467 4008 Fortem
488 3958 525 4007 stl
548 3959 633 4007 lecum
651 3956 696 4007 sli·
769 3958 882 4007 ‘omnes
900 3954 1004 4004 Hernici
1019 3952 1132 4017 seminis]
1157 3954 1208 4005 Qui
1225 3953 1268 4002 illi

170 4047 256 4095 quem,
279 4042 324 4083 sut
346 4048 486 4096 perennem
508 4033 648 4082 uberemrs
671 4046 697 4081 e·
738 4032 844 4081 omnes?
872 4030 949 4083 Num,
961 4029 1053 4077 demtis
1062 4028 1102 4077 bis
1115 4028 1205 4091 tribus,
1215 4028 1263 4077 soli

170 4122 255 4171 quum,
265 4110 331 4158 situs
342 4108 386 4158 ille
398 4110 492 4171 circus,
503 4109 563 4157 luds
575 4108 698 4157 Meritimi
737 4106 910 4157 Hernicorum
921 4112 1061 4165 supersunt
1069 4103 1208 4168 Anagnini,
1219 4105 1263 4168 qui

172 4194 313 4245 cognomen
326 4186 429 4236 tulerit:
449 4185 499 4235 nisi
511 4182 579 4234 forte
593 4182 697 4233 Meriti-
737 4180 841 4246 quidem
854 4178 963 4242 slicujus
975 4177 1082 4228 nominis
1093 4178 1154 4229 siut.
