3150 4942
569 489 642 537 nru.
665 487 705 539 x.
726 490 808 541 nur.
828 478 883 542 46.
984 472 989 479 ’
1185 484 1270 551 1387

179 624 337 690 collatum
360 635 429 707 est3
451 648 539 708 cum,
554 633 583 695 si
606 640 718 715 spreta
739 635 844 717 gloria
862 637 982 701 fuisset
1003 639 1147 721 captivae
1166 662 1269 725 pecu·

178 728 243 790 niae
267 728 301 791 iu
316 730 471 793 serarium
493 729 605 808 illatae,
620 742 655 797 et
671 736 768 800 militi
784 745 853 800 turn
869 738 942 801 dari
957 758 1001 801 ex
1017 742 1141 821 praeda,
1157 749 1190 807 et
1209 746 1270 807 sti·
1361 791 1371 803 .

177 828 335 907 pendium
347 829 486 892 militare
498 834 649 912 praestari
660 836 837 916 potuisset·
876 838 999 902 AEdem
1012 838 1155 918 Quirini,
1168 862 1268 925 quarn

176 926 209 989 in
230 928 307 1010 ipsa
331 928 545 993 dimicatione
569 940 683 996 rotam
704 936 795 1017 apud
817 940 978 1001 nemiuem
994 948 1137 1004 veterem
1153 948 1270 1005 aucto·

175 1046 242 1089 rem
266 1029 409 1103 invenio,
423 1028 559 1111 (neque,
577 1030 734 1109 Hercule,
756 1042 825 1099 tam
850 1038 976 1119 exiguo
998 1047 1147 1122 tempore
1169 1042 1268 1123 perfi-

176 1144 248 1190 cere
264 1128 457 1211 potuisset,)
473 1131 516 1193 ab
532 1131 696 1195 dictatore
711 1144 808 1216 patre
826 1145 950 1215 votam,
965 1137 1057 1202 filius
1072 1142 1188 1204 consul
1210 1142 1267 1205 de-

174 1226 311 1303 dicavit,
325 1231 564 1312 exornavitque
579 1233 722 1296 bostium
737 1235 867 1317 spoliis.
911 1235 1060 1314 Quorum
1076 1246 1171 1303 tauta
1184 1242 1267 1305 mul-

176 1326 283 1391 titudo
297 1328 369 1404 fuir,
384 1335 420 1393 ut
434 1348 501 1393 non
513 1332 672 1415 templum
687 1342 815 1399 tanturn
831 1337 1005 1419 lorumque
1019 1338 1072 1401 bis
1086 1346 1264 1414 ornaretur,

174 1425 235 1488 sed
260 1426 361 1490 sociis
382 1429 485 1491 etiarn
507 1430 702 1516 colonisque
724 1433 884 1512 finitimis,
898 1436 943 1499 ad
959 1436 1159 1519 templorum
1173 1438 1266 1503 loco·

173 1544 309 1609 rumque
332 1536 495 1601 ornatum,
509 1530 740 1597 dividerentur.
783 1533 816 1598 A
840 1536 1005 1617 triumpho
1026 1538 1207 1601 exercitum
1229 1540 1266 1602 in

173 1644 286 1707 agrum
304 1626 494 1706 Vescinum,
509 1630 589 1713 quia
604 1632 696 1713 regio
710 1652 750 1697 ea
764 1634 887 1698 infesta
901 1636 944 1697 ab
959 1636 1167 1700 Samnitibus
1182 1646 1265 1715 eret,

161 1724 386 1815 *hyberuatum
409 1728 518 1792 duxit.
561 1730 653 1793 Inter
666 1731 738 1796 haec
755 1730 921 1797 Carvilius
933 1736 1061 1811 consul,
1075 1736 1110 1799 in
1132 1736 1266 1812 Etruria

171 1825 385 1890 Troilium¹⁴¹¹
400 1830 541 1911 primum
554 1850 748 1913 oppugnare
758 1832 905 1902 adortus,
916 1834 1177 1917 quadringentos
1188 1856 1266 1919 sep·

172 1927 326 2007 tuaginta
347 1929 542 2006 ditissimos,
557 1932 705 2013 pecunia
727 1933 843 2013 grandi
866 1937 997 2015 pactos,
1013 1941 1051 1996 ut
1072 1935 1165 1999 abire
1187 1936 1265 1999 inde

76 2073 81 2081 .
171 2025 297 2101 liceret,
314 2029 459 2093 dimisit:
482 2037 628 2094 ceteram
650 2030 893 2095 multitudinem
908 2031 1138 2115 oppidumque
1151 2036 1264 2117 ipsum

171 2130 204 2191 vi
228 2131 329 2211 cepit.
375 2130 459 2193 lude
473 2132 619 2211 quinque
632 2130 780 2206 castella,
795 2130 884 2195 loeis
898 2132 963 2194 sita
978 2132 1122 2206 munitis,
1136 2151 1265 2217 expug-

170 2229 274 2293 navit·
318 2229 418 2294 Gaesa
442 2231 488 2293 ibi
507 2230 652 2293 bostium
673 2230 739 2293 duo
756 2232 860 2294 millia
881 2231 1129 2313 quadringenti3
1151 2234 1262 2296 minus

170 2328 237 2391 duo
259 2332 365 2393 millia
387 2332 514 2413 capti.¹⁵
558 2330 602 2394 Et
624 2332 768 2396 Faliscis
792 2351 911 2413 pacem
925 2332 1118 2413 petentibus
1133 2351 1263 2397 annuas
1333 2336 1337 2345 '

168 2428 321 2493 inducias
345 2431 449 2507 dedit,
466 2438 588 2512 pactus
610 2440 741 2496 centum
765 2432 870 2496 millia
891 2432 1000 2513 gravis
1023 2432 1124 2508 ueris‚¹
1147 2440 1183 2495 et
1205 2434 1264 2496 sti·

169 2529 326 2609 pendium
348 2530 422 2612 ejus
445 2530 523 2593 anui
547 2530 718 2595 militibus.
762 2531 831 2595 His
853 2532 952 2597 rebus
977 2532 1062 2594 actis
1082 2530 1125 2594 ad
1149 2532 1263 2595 trium-

169 2630 272 2712 phum
294 2632 447 2709 decessit,
463 2638 499 2695 ut
521 2633 631 2695 minus
647 2635 770 2697 clarum
791 2634 833 2696 de
847 2633 1063 2709 Samnitibus,
1077 2652 1177 2715 quam
1193 2633 1263 2697 col·‘

168 2731 252 2811 legae
274 2733 456 2813 triumphus
476 2732 597 2807 fuerat,
613 2733 663 2797 lta
683 2733 818 2796 cumulo
840 2734 972 2797 Etrusci
992 2732 1067 2795 belli
1085 2738 1263 2813 aequatum.

169 2828 260 2892 AEris
281 2830 389 2909 gravis
412 2831 539 2894 tulitin
559 2832 709 2893 aerarium
730 2835 875 2893 trecenta
889 2831 1058 2910 octogiuta
1068 2828 1094 2868 ¹⁶
1115 2829 1262 2894 millia:y

169 2930 211 2993 de
226 2930 356 3012 reliquo
371 2948 436 2993 aere
452 2930 560 2994 aedem
576 2928 689 2992 Fortis
704 2928 862 2992 Fortunae
877 2928 918 2992 de
933 2929 1120 2992 manubiis¹
1137 2929 1261 2992 lacien-

167 3222 231 3272 vier.
250 3222 293 3271 ull.
326 3222 387 3272 Vid.
407 3221 453 3272 inf.
471 3228 500 3271 et
519 3221 582 3271 Not.
594 3222 723 3271 Van-lt
740 3220 794 3270 Alii
813 3221 883 3283 conj.
904 3220 1112 3269 Μαίη-16
1129 3220 1190 3269 Vct.
1207 3220 1255 3269 lib.

658 3365 683 3415 N
686 3364 768 3416 0⁹1¹AE

199 3471 211 3495 ¹¹
229 3460 355 3524 tiodiem]
371 3460 532 3511 Mentioneru
539 3460 693 3509 Troititnnt·
734 3459 857 3509 librarum
870 3458 1063 3515 Francicuruur,

165 3536 316 3599 llblreperl.
333 3534 615 3599 Seripsrnttortettv.
625 3534 694 3584 tto·-
768 3534 869 3583 cerm
880 3534 957 3582 millia
967 3534 1023 3581 aerir
1038 3533 1133 3606 gareb]
1158 3533 1260 3595 Poudo,

101 3644 105 3651 -
165 3612 254 3673 sitium,
261 3612 315 3660 rire
325 3610 468 3665 Tmurrtnnr,
475 3609 543 3674 qued
551 3610 693 3659 Tuscorum
733 3621 828 3671 nempe
839 3607 974 3657 duodecim
984 3610 1126 3658 unciarum.
1141 3610 1170 3657 J.
1183 3610 1260 3660 cteri-

167 3700 223 3735 eme
235 3684 358 3749 oppidum
366 3686 421 3748 jum
432 3691 511 3734 autes
522 3684 639 3733 ridiurnr.
661 3683 693 3733 Id
733 3696 782 3733 cur.

167 3770 254 3812 autern
267 3760 370 3810 Cluver.
383 3766 458 3824 potet
473 3771 540 3821 erre,
557 3760 640 3809 Monte
652 3760 693 3808 st·
764 3765 776 3799 t
795 3756 909 3806 stemto
916 3753 1198 3817 mmmmm-agira]
1207 3756 1260 3804 nil·

166 3850 262 3887 worse.-
290 3836 336 3885 sed
360 3835 517 3897 probabilius
543 3834 693 3885 Holstenius
733 3833 780 3895 tiu]
803 3829 1148 3894 tdet,a⁵s⁵oo.ttbruum
1162 3836 1259 3880 nostia

166 3916 221 3977 ejus
232 3912 282 3961 leel
294 3912 402 3974 vestigia
413 3924 548 3975 superesse
563 3910 637 3961 addit
648 3912 693 3960 du·
733 3916 853 3957 monete·
931 3939 946 3992 ,ἰ

166 3992 231 4037 otrus
250 3986 310 4035 inde
327 3984 488 4041 milliaribus,
505 3992 532 4035 et
545 3998 636 4034 nornen
648 3986 694 4034 nli·
765 3990 775 4015 ¹
792 3975 969 4041 Demean]
994 3980 1259 4031 Notrruodetmnr

166 4068 292 4126 quatenns
305 4060 417 4109 retinere
428 4060 504 4122 vulgo
514 4060 607 4111 lium.
734 4070 766 4105 ex
778 4056 865 4106 Gellio
875 4054 1006 4103 menubim
1020 4068 1036 4102 ι
1047 4055 1136 4116 prede
1156 4056 1192 4105 ita
1210 4057 1258 4105 dir·

84 4128 89 4145 '
198 4143 212 4169 ¹
230 4138 331 4185 certum
345 4134 421 4184 mittio
437 4135 521 4196 meir
538 4133 607 4196 aris]
629 4132 695 4181 snnt
735 4131 817 4193 tingui
829 4130 918 4178 solitus
936 4128 1004 4191 rpnd
1021 4128 1140 4192 Vererer,
1154 4137 1183 4180 nt
1194 4145 1260 4195 pra·

161 4211 239 4272 juxto
252 4210 363 4272 pretium
383 4210 441 4258 aris
458 4208 608 4259 hodiernum
625 4206 693 4269 apud
734 4205 812 4255 derit
823 4204 928 4268 proprie
938 4203 964 4252 in
976 4204 1127 4267 eorporibnr
1146 4206 1258 4269 ipserum

166 4298 214 4335 nor
225 4284 337 4349 quinque
348 4282 404 4333 sere
422 4298 452 4335 ae
466 4282 695 4347 sexugtntrmittiu
735 4294 821 4331 return
838 4292 895 4345 que
914 4278 1060 4342 capiuntur,
1077 4280 1203 4331 manubia
1214 4295 1259 4329 rn-
