3150 4942
544 464 614 512 ura.
640 448 908 518 v111.unr.38.
1003 495 1008 503 ·
1189 451 1276 520 1187

176 610 225 673 ita
239 625 284 670 ex
301 626 417 671 somno
432 605 596 689 trepidam
619 610 751 689 repente
774 608 942 671 civitatem
952 606 1096 681 *excivit
1119 614 1158 671 nt
1174 608 1275 693 Gepi-

176 709 293 773 tulium
304 723 407 791 atque
418 726 490 784 arx,
501 707 691 789 moeniaque
704 713 739 770 et
750 714 870 789 portae,
886 707 986 790 plena
997 714 1194 772 armatorum
1205 709 1279 773 sue·

175 810 252 873 rint.
298 808 432 872 Etcum
448 816 685 871 concursatum
702 808 1018 892 conclamatumque
1034 809 1076 872 ad
1098 828 1190 874 arma
1204 831 1274 874 om·

175 910 275 973 nibus
290 910 376 974 lucis
390 916 488 987 osset,
502 909 610 991 prima
622 908 700 973 luce
720 928 779 973 uec
795 918 924 986 auctor,
940 930 1001 972 nec
1025 929 1127 975 causa
1141 914 1275 975 terroris

172 1010 373 1092 comparuit.
419 1008 544 1073 Eodem
560 1028 648 1073 anuo
664 1008 705 1073 de
726 1008 932 1073 Tusculanis
953 1010 1075 1074 Flavia
1098 1012 1271 1091 rogatione

173 1110 291 1194 populi
306 1112 371 1175 fuit
380 1112 573 1195 judicium.y
617 1110 668 1173 M.
684 1111 823 1174 Flavius
839 1112 992 1174 tribunus
1007 1112 1119 1194 plebis
1141 1112 1216 1176 tulit
1231 1113 1273 1176 ad

173 1212 347 1294 populum,
357 1214 435 1276 utin
445 1211 658 1276 Tusculanus
669 1204 994 1291 animadverteretur.
1004 1234 1142 1296 qnorum
1159 1216 1273 1277 eorum

175 1331 242 1394 ope
267 1332 308 1376 ac
333 1308 533 1377 oonsilio²⁰¹¹
556 1309 719 1376 Veliterni
745 1312 1027 1397 Privernatesque
1055 1314 1181 1397 pupulo
1204 1314 1274 1378 Ro·

174 1430 275 1477 manu
286 1412 410 1477 bellum
426 1412 595 1477 fecissent.
639 1413 791 1497 Pupulus
804 1413 1023 1477 Tusculanus
1035 1434 1110 1478 cum
1125 1416 1274 1497 conjugi·

174 1515 241 1577 bus
256 1533 296 1577 ac
310 1512 425 1577 liberis
441 1512 586 1577 Rumam
603 1514 704 1578 venit.
750 1513 802 1577 Ea
825 1515 1018 1592 multitudo,
1034 1524 1130 1581 veste
1143 1520 1275 1579 mutata

175 1620 208 1679 ct
229 1614 340 1697 specie
354 1633 495 1690 reorum,
512 1616 620 1679 tribus
636 1616 763 1687 circuit,
774 1617 918 1698 genibus
941 1637 978 1680 se
1001 1618 1144 1680 omnium
1160 1616 1275 1681 advol-

174 1736 268 1780 vens·
313 1714 398 1779 Plus
420 1716 535 1799 itaque
560 1716 790 1779 misericordia
814 1716 857 1779 ad
881 1736 990 1800 poenae
1015 1717 1145 1780 veniam
1170 1718 1274 1801 impe·

172 1817 336 1894 tuendam,
353 1835 454 1901 quam
471 1836 576 1882 causa
597 1817 641 1881 ad
667 1818 790 1881 crimen
815 1817 1020 1900 purgandum
1036 1819 1154 1883 valuit.
1198 1817 1274 1882 Tri-

173 1919 237 1982 bus
261 1938 388 1995 omues,
413 1924 538 2001 praeter
562 1918 720 1995 Polliam,
746 1922 963 2002 antiquarunt
987 1921 1107 2002 legem.
1152 1920 1273 1985 Pulliae

173 2021 340 2085 sententia
352 2019 427 2097 suit,
444 2022 587 2102 puberes
603 2022 795 2085 verberatos
809 2021 936 2096 necari,
953 2021 1113 2103 conjuges
1133 2020 1274 2084 liberos·

177 2138 244 2203 que
261 2120 325 2183 sub
341 2138 464 2183 corona
478 2121 552 2200 lege
567 2120 646 2183 belli
663 2120 786 2183 venire.
831 2120 1101 2203 Mamuriumque
1115 2120 1190 2201 ejus
1213 2121 1272 2185 irae

173 2220 374 2285 Tusculanis
395 2220 431 2283 iu
454 2238 568 2304 poenae
592 2225 660 2283 tam
684 2220 809 2283 atrocis
835 2228 990 2284 auctores
1014 2223 1179 2284 mansisse
1205 2221 1272 2283 ad¹

171 2329 306 2404 patrum
331 2327 466 2386 aetatem
490 2328 635 2397 cunstat,
662 2340 723 2384 nec
745 2339 934 2403 quenquam
961 2321 1063 2385 terme
1089 2340 1134 2384 ex
1160 2320 1273 2384 Pollia

172 2423 258 2487 tribu
275 2422 489 2486 candidatum
505 2422 676 2505 Papiriam
693 2422 778 2486 terre
793 2419 948 2486 solitum.i

177 2556 181 2564 «
215 2523 269 2587 38.
292 2522 487 2606 Insequenti
512 2525 627 2599 annu,'
650 2521 694 2601 Q.
718 2522 837 2600 Fabiu,
861 2522 902 2585 1..
918 2522 1038 2587 Fulvio
1063 2480 1272 2597 consulibus,

173 2624 219 2689 A.
236 2624 413 2688 Cornelius
428 2623 556 2688 Arvina
571 2622 714 2687 dictator
730 2629 763 2688 et
780 2622 831 2686 M.
847 2622 975 2687 Fabius
998 2623 1187 2687 Ambustus
1201 2642 1272 2685 mu·

173 2728 280 2807 gister
294 2724 454 2808 equitum,
470 2731 560 2789 metu
586 2725 748 2807 gravioris
770 2725 807 2787 iu
831 2724 971 2788 Samnio
985 2724 1067 2787 belli
1088 2722 1272 2807 (conducta

206 2900 219 2934 v
235 2891 340 2955 Pupulus
350 2888 482 2951 judicarit.

632 3018 811 3039 ”NNNOOOO

171 3139 235 3196 part.
268 3133 330 3182 Vid.
343 3132 408 3183 Not.
418 3133 548 3182 Van-19
564 3131 738 3193 Ambigebstnr
754 3130 822 3193 conj.
841 3130 868 3181 J.
885 3130 912 3178 F.
929 3128 1113 3203 Gronau—Q
1128 3128 1205 3187 ang.
1216 3142 1271 3188 qas-

172 3212 225 3273 nun
235 3212 277 3259 ops
288 3212 316 3245 us
328 3196 432 3245 anun.
458 3198 466 3223 ‘
479 3198 519 3245 Ex
527 3197 587 3248 Val.
598 3198 670 3246 Max.
682 3209 724 3245 rx.
736 3200 774 3243 10.
789 3200 811 3243 1.
823 3201 893 3243 etex
905 3194 962 3242 sli'rs
970 3192 1271 3305 srgnmennsp'riqbffl:

172 3260 379 3375 {nituntur
391 3260 551 3401 litet}
555 3276 602 3375 ¹1⁰1
612 3257 1199 3397 ‚⁹“lituuuuttttttutstut...‚
1211 3272 1272 3383 n..

172 3395 307 3516 affluet
322 3390 349 3439 iu
366 3402 417 3438 uuo
434 3402 542 3453 quassans
555 3387 651 3439 eornm!
667 3388 826 3450 Rupere—1
844 3386 876 3434 Is
888 3386 1004 3473 Crevier.
1030 3384 1062 3433 ln
1074 3386 1153 3436 Cres.
1166 3399 1228 3433 rura.
1239 3386 1272 3432 ud

667 3530 774 3579 NOTAE

206 3628 218 3662 ¹¹
244 3630 350 3685 qururn
376 3644 456 3679 surum
478 3642 521 3692 ope
547 3642 575 3685 su
593 3624 701 3688 consiliu]
743 3638 782 3674 rr.
796 3628 869 3673 se&
886 3625 1018 3676 ‘Quorum
1038 3637 1126 3672 aurum
1139 3637 1270 3672 unussur·

173 3706 246 3756 Alias
264 3707 325 3768 qnod
343 3719 429 3754 surum.
464 3703 573 3753 Codices
588 3702 702 3751 melioris
743 3700 821 3763 ripnit
833 3702 947 3749 currenti
960 3700 1057 3749 cursuri
1068 3700 1169 3747 sulum.'

173 3790 241 3831 nutas
253 3789 320 3831 teste
332 3780 413 3829 Grou.
430 3792 529 3842 quornm
548 3792 627 3826 eornm
643 3791 701 3839 ops.-
775 3774 781 3807 ¹
796 3776 922 3841 Papirium
933 3774 1003 3834 serre
1015 3773 1123 3835 solitum]
1140 3772 1271 3822 Candida.

171 3859 198 3907 id
216 3865 266 3919 est,
283 3870 391 3921 qnuruur
410 3868 444 3903 ex
455 3854 496 3914 iis,
507 3867 538 3901 ex
550 3851 702 3901 Tusculanis
743 3857 828 3900 turum
846 3865 879 3898 ex
894 3850 976 3899 Pullis
992 3849 1071 3908 tribu,
1090 3862 1148 3909 quaa
1160 3848 1271 3895 adversa

172 3948 280 3996 nempe:
298 3938 327 3979 ut
338 3930 439 3979 scilicet
452 3944 502 3978 nou
515 3928 540 3977 in
557 3928 703 3995 uuirersuq,
741 3927 894 3975 Tusculanis
910 3923 1006 3985 fuerat,
1017 3938 1091 3971 uerno
1109 3922 1208 3970 solebat
1219 3921 1271 3970 snt*-

173 4012 218 4060 reu
231 4010 257 4059 iu
273 4008 328 4071 rjus
344 4005 444 4056 consilii
463 4012 582 4054 auctores
599 4003 702 4067 adjuto·
740 4002 850 4065 fragium
871 4002 990 4050 obtinere
1009 3999 1090 4048 tribus
1110 3999 1231 4061 Papiria.
1244 3999 1270 4049 iu

140 4132 146 4143 ,
172 4100 266 4149 resque
295 4081 481 4130 decerneretur
508 4080 625 4144 quaestio.
657 4078 701 4128 Sic
742 4073 1140 4140 quamcuujectiTnsculani:id
1153 4075 1270 4123 ostentm

172 4159 431 4219 lib.xxur.csp.2³.
445 4154 702 4205 ‘Deexercitultlsr-
742 4151 849 4211 tribum,
872 4151 911 4198 vel
934 4149 1085 4213 centuriam,
1107 4146 1186 4211 terre,
1210 4150 1268 4213 ejus

174 4234 241 4289 celii.
254 4233 295 4297 qui
307 4246 394 4281 eurum
407 4244 440 4279 ex
451 4228 511 4293 suga
521 4230 649 4279 Cannensi
661 4242 702 4276 ss·
741 4225 870 4290 suffragiis
882 4226 985 4274 vincare
998 4240 1028 4276 ac
1039 4224 1170 4276 nominari.

174 4305 252 4358 seut!
285 4308 318 4356 Et
334 4305 402 4370 apud
415 4304 501 4354 Plaut.
516 4303 630 4353 Trinnm.
641 4301 702 4353 Act.
775 4303 791 4333 ¹*
808 4304 840 4353 Α.
851 4304 885 4353 U.
896 4302 926 4351 C.
936 4304 994 4351 til.
