3150 4942
485 457 490 472 .
600 410 921 478 crs.v1.ess.ltl.
1238 410 1306 478 tib

212 585 292 636 esse
314 568 447 632 bostem
467 563 635 644 videreut3
655 572 753 649 porta
767 585 820 645 se,
833 583 911 650 quas
927 585 972 632 un
984 567 1072 632 forte
1089 586 1157 633 uou
1172 567 1303 639 obside·

212 672 324 746 batur,
333 665 454 750 trepidi
464 685 532 730 uno
540 667 668 748 agruim
680 667 823 751 ejecere.
848 666 1307 750 Magnucmdesiugieutium

213 769 385 834 etiburbe
399 775 434 830 et
447 785 509 849 per
523 785 622 848 agros
643 775 696 832 est
716 768 819 834 sacta·
862 767 983 833 Plures
1003 787 1026 832 a
1041 769 1197 834 Furianis
1218 769 1307 834 iuba

213 866 433 934 moeniaceesi
443 889 450 928 :
462 865 637 931 Valeriani
649 867 874 950 expeditiores
885 868 929 932 ad
939 867 1306 952 persequendosiuere3

214 986 276 1032 nec
290 971 365 1030 ante
381 971 526 1046 noctem,
542 985 620 1050 qcae
635 973 851 1050 conspectum
873 967 1010 1046 ademit,
1032 967 1132 1033 finem
1154 968 1306 1034 credendi

213 1065 330 1132 iecere.
374 1068 490 1132 Sutrio
513 1074 654 1150 recepto
670 1067 890 1151 restitutoque
912 1069 1026 1146 sociia
1050 1067 1186 1151 Nepete
1211 1085 1305 1133 exer·

141 1163 145 1168 “
213 1167 303 1232 citus
313 1167 448 1245 duetus,
463 1165 552 1251 quod
566 1185 625 1250 per
640 1167 844 1234 deditionem
857 1175 1032 1253 acceptum
1043 1168 1115 1253 jam
1138 1175 1246 1234 totum
1260 1169 1306 1234 E·

212 1268 316 1336 busci
330 1269 508 1333 habebant.

255 1370 308 1434 10.
330 1368 521 1434 Videbatur
535 1369 613 1453 ples
639 1370 673 1434 in
694 1390 736 1436 ea
752 1372 832 1436 urbe
857 1369 1050 1455 recipienda
1070 1369 1196 1438 laboris
1213 1372 1306 1451 iore3

213 1489 279 1534 non
291 1470 325 1534 iu
338 1477 366 1518 ¹⁴
386 1489 428 1534 eo
441 1471 562 1550 solum,
571 1471 661 1555 quod
675 1477 746 1538 tcta
759 1473 905 1538 bertium
920 1479 1001 1549 erat.
1015 1472 1075 1538 sed
1089 1475 1190 1538 etiam
1204 1474 1307 1556 quod,

213 1579 308 1654 parte
325 1570 576 1655 Nepesinorum
591 1572 750 1656 prodente
763 1574 946 1653 civitatem,
967 1574 1058 1638 lacta
1077 1580 1148 1638 erat
1171 1573 1306 1640 deditio.

214 1671 306 1736 Mitti
318 1679 428 1737 tamen
441 1673 484 1738 ad
501 1674 670 1758 principes
684 1692 800 1738 eorum
826 1673 967 1758 placuit,
982 1680 1020 1738 nt
1038 1681 1246 1744 secernerent
1266 1693 1307 1740 se

214 1775 257 1838 ab
279 1773 444 1851 Etruscis,
470 1773 649 1858 fidemque,
671 1793 771 1858 quam
793 1776 1032 1858 implorassent
1054 1776 1100 1840 ab
1129 1774 1306 1851 Romanis,

213 1874 279 1956 ipsi
295 1882 506 1957 praestarent.
551 1874 648 1940 Unde
659 1895 735 1940 cum
750 1895 946 1960 responsum
966 1875 1106 1940 allatum
1118 1880 1221 1954 esset,
1234 1877 1306 1940 ‘ui-

212 1975 258 2040 bil
271 1993 341 2040 suec
356 1977 536 2058 potestatis
552 1996 639 2054 esse,
654 1977 817 2042 Etrusooe
831 1979 957 2042 moenia
970 1976 1211 2060 custodiasque
1226 1995 1305 2060 por·

212 2081 317 2140 tarum
333 2081 443 2140 tenere
452 2079 470 2157 ς’
492 2079 600 2160 primo
608 2079 883 2160 populationibus
897 2077 969 2158 agri
983 2085 1151 2141 terrorest
1161 2077 1306 2161 oppida·

213 2177 268 2240 nis
284 2175 437 2240 admotus
449 2197 459 2258 ;
471 2177 604 2256 deinde,
615 2185 794 2262 postquam
803 2167 993 2254 deditionis,
1006 2195 1108 2260 qnam
1120 2178 1304 2253 societatis,

213 2275 295 2340 tides
305 2279 451 2351 sanctior
465 2285 562 2358 erat,⁹
583 2278 731 2342 fascibus
746 2284 987 2343 sarmentorum
1001 2295 1046 2342 ex
1063 2295 1145 2359 agro
1159 2277 1303 2356 collatis,

213 2377 337 2442 duetus
347 2377 391 2442 ad
406 2380 532 2444 maenia
546 2379 727 2456 exercitus,
742 2379 986 2462 completisque
999 2377 1105 2442 fossis
1125 2377 1229 2444 scmus
1242 2380 1304 2443 ad·

211 2484 326 2556 motas,
342 2487 376 2544 et
386 2480 532 2545 clamore
543 2480 650 2564 primo
660 2479 855 2563 impetuque
869 2477 1031 2562 oppidum
1046 2477 1187 2561 capitur.
1232 2479 1302 2544 Ne-
1359 2511 1365 2522 ·

211 2579 336 2662 pesinis
361 2579 438 2644 inde
462 2580 620 2656 edictum,
647 2585 683 2644 ut
705 2598 797 2644 arma
819 2583 963 2666 ponunt3
988 2579 1148 2661 parcique
1169 2579 1302 2664 jussum
1397 2665 1402 2672 .

209 2679 338 2744 inermi.
381 2677 517 2744 Etrusci
533 2680 655 2764 pariter
665 2681 782 2745 armati
803 2685 903 2761 utque
924 2677 1069 2744 inermes
1092 2679 1185 2743 cesi.
1229 2679 1303 2744 Ne·

210 2780 400 2862 pesinorum
425 2799 563 2865 qnoque
583 2785 738 2845 auctores
764 2777 943 2844 deditionis
968 2779 1077 2843 securi
1101 2781 1255 2862 percussi
1270 2791 1302 2846 ι·

211 2881 360 2944 innoxiae
370 2880 574 2948 multitudini
587 2879 727 2946 redditas
736 2899 801 2958 res,
810 2878 1038 2962 oppidumque
1047 2899 1124 2944 cum
1138 2881 1300 2963 praesidio

210 2980 377 3045 relictum.
422 2981 489 3059 lta,
504 2981 636 3046 duabus
662 2981 766 3046 sociis
788 2979 928 3045 urbibus
954 2998 999 3044 ex
1021 2980 1121 3044 boste
1147 2981 1301 3062 receptis,

89 3131 94 3138 .
211 3081 372 3147 victorem
387 3084 571 3148 exercitum
586 3083 709 3148 tribuni
724 3101 800 3147 cnm
824 3099 942 3163 magua
954 3081 1060 3164 gloria
1081 3079 1226 3145 Romam
1248 3099 1301 3146 re-

212 3177 387 3247 duxerunt.
431 3183 558 3249 Eodem
573 3204 662 3250 auno
677 3185 720 3250 ab
736 3182 869 3250 Latims
888 3181 1116 3265 Hernicisque
1139 3201 1192 3246 res
1206 3201 1300 3266 repe·

211 3285 295 3360 tite,
311 3285 564 3368 quaesitumque,
579 3305 638 3350 cnr
651 3305 712 3368 per
732 3304 792 3348 eos
806 3301 912 3349 annes
927 3283 1060 3346 militem
1078 3302 1120 3347 ex
1143 3284 1299 3349 instituto

209 3403 274 3448 non
286 3383 470 3450 dedissent.
503 3385 718 3468 Responsum
733 3385 895 3468 frequenti
909 3383 1087 3466 utriusque
1097 3383 1206 3464 gentis
1220 3401 1299 3448 cou-

210 3487 288 3552 cilie
301 3494 367 3564 est,
383 3491 465 3551 ‘nec
480 3487 614 3570 culpam
629 3487 663 3550 iu
673 3505 715 3550 eo
724 3485 907 3570 publicam,
918 3501 980 3547 nec
989 3483 1166 3548 consilium
1178 3483 1298 3566 fnisse,

210 3585 300 3670 quod
327 3607 401 3668 suae
425 3586 613 3671 juventutis
638 3587 743 3672 aliqui
774 3583 863 3670 apud
891 3583 1040 3650 Volscos
1076 3583 1299 3656 militaverint.

210 3687 278 3750 Eos
299 3693 407 3753 tamen
430 3691 524 3771 ipsos
542 3685 639 3771 pravi
660 3687 788 3752 consilii
803 3705 940 3770 poenam
960 3686 1088 3762 babere,
1109 3703 1170 3748 nec
1195 3705 1300 3768 queu-

209 3805 308 3869 quam
323 3805 369 3851 ex
383 3787 434 3852 bis
447 3785 600 3852 reducem
613 3805 700 3851 esse.
722 3785 844 3850 Militis
860 3794 972 3849 autem
991 3801 1059 3848 nou
1072 3783 1144 3848 dati
1158 3802 1298 3853 causam

240 4041 254 4082 s
271 4037 339 4088 rue
354 4041 460 4092 semea
470 4045 532 4093 uss
542 4060 558 4093 a
571 4041 698 4106 netem
708 4041 879 4092 ternanto
895 4041 975 4105 piar
995 4039 1058 4090 rea
1076 4037 1212 4096 ustam,
1228 4055 1297 4104 pm

205 4101 256 4200 eju:
266 4103 538 4231 mmmmm
544 4105 978 4236 mmmmm&
988 4181 1012 4217 re
1022 4167 1122 4217 dedmdi
1129 4166 1240 4216 ‘mnae
1259 4179 1296 4215 cr·

204 4229 366 4292 plicuerunt.
565 4207 573 4230 ⁹
1135 4253 1138 4258 ·
1242 4200 1248 4222 ⁵
