3150 4942
558 457 631 506 nrs.
657 456 713 506 rx.
737 458 818 507 car.
840 440 894 508 23.
1184 448 1271 515 1243

177 610 241 679 tor,
265 622 351 685 aegre
370 603 514 685 patiens,
530 618 596 684 quo
616 608 683 665 tam
699 600 854 667 ferociter
865 599 917 645 ¹⁶¹
939 601 1178 685 adequitasset,
1191 604 1270 671 iude

180 724 218 767 se
232 702 526 785 fundi'iugariqne,
540 699 664 765 orando
673 702 899 785 hortandoque
913 703 1043 784 equites
1054 705 1206 787 pra-lium
1219 708 1271 771 in·

179 805 328 885 legravit.
374 801 416 865 Iu
438 822 548 885 quem,
570 802 728 883 insignem
749 803 832 867 inter
855 822 936 867 snos
963 805 1102 869 cientem
1117 826 1271 889 pugnam,

179 905 339 985 magister
362 903 510 986 equilum
536 903 711 969 Remanm
739 904 864 969 infesta
890 906 1030 988 cuspide
1050 909 1097 971 ita
1122 910 1274 990 permisit

178 1024 312 1088 equum,
327 1008 366 1068 nt
378 1024 445 1069 uno
467 1006 536 1069 ictu
556 1005 741 1070 exanimem
766 1000 854 1089 equo
872 1006 1121 1090 praecipitaretr
1143 1028 1214 1087 nee,
1235 1014 1275 1074 nt

178 1108 225 1184 lit,
241 1106 285 1170 ad
301 1106 396 1170 ducis
412 1124 526 1169 casum
547 1107 704 1189 perculsa
718 1108 837 1187 magis,
852 1126 954 1190 quam
969 1107 1109 1185 irritata,
1125 1120 1179 1174 est
1189 1111 1273 1175 mul·

179 1205 298 1270 titudo.
343 1205 479 1283 Omnes,
496 1207 555 1288 qni
572 1207 663 1271 circa
675 1212 780 1282 erant,
801 1208 837 1270 in
862 1205 1011 1287 Aulium,
1026 1215 1147 1274 temere
1161 1212 1272 1275 invec-

180 1317 250 1375 tum
268 1326 330 1389 per.
349 1306 497 1371 bostium
511 1312 646 1384 turmas,
671 1308 739 1371 tela
762 1306 984 1388 conjecerunt.
1029 1309 1135 1373 Fratri
1156 1311 1272 1393 praeci·

180 1428 282 1489 puum
305 1407 406 1471 decus
418 1416 443 1455 ¹⁷
466 1408 528 1471 ulti
553 1410 752 1473 Samnitium
779 1408 990 1491 imperatoris
1014 1409 1190 1476 dederont.
1234 1413 1272 1476 Is

183 1509 339 1572 victorem
362 1509 543 1573 detractum
569 1528 612 1573 ex
638 1530 723 1593 equo
749 1511 946 1592 magistrum
970 1512 1130 1594 equitum,
1157 1512 1274 1594 plenus

181 1611 333 1675 moeroris
347 1616 445 1691 atque
460 1610 530 1687 irae,
545 1612 739 1675 trucidavit:
761 1630 827 1675 nee
840 1612 980 1675 multum
993 1612 1089 1689 aluit,
1104 1615 1187 1695 qniu
1200 1632 1275 1677 cor·

180 1731 262 1795 pore
276 1712 388 1787 etiam,
404 1714 485 1794 qnia
498 1713 586 1775 inter
598 1711 735 1776 hostiles
760 1710 928 1777 ceciderat
950 1718 1085 1790 turmas,
1111 1714 1276 1779 Samnites

180 1814 377 1895 potirentur.
423 1812 492 1875 Sed
502 1812 672 1893 extemplo
688 1810 730 1874 ad
745 1811 850 1893 pedes
861 1810 1060 1877 descensum
1086 1816 1130 1877 ab
1149 1812 1277 1878 Mina·

179 1915 232 1979 nis
256 1922 319 1991 est,
350 1914 525 1993 coactique
557 1912 643 1975 idern
675 1911 840 1977 Samnites
868 1912 988 1977 iacere.
1030 1913 1075 1978 Et
1104 1916 1277 1996 repentina

183 2015 274 2079 scies
299 2015 390 2079 circa
412 2032 555 2096 corpora
577 2014 700 2077 ducum
733 2011 889 2094 pedestre
914 2013 1065 2093 praelium
1094 2015 1181 2090 iniit,
1207 2032 1275 2096 quo

180 2116 268 2181 haud
284 2114 384 2181 dubie
399 2120 537 2196 superat
563 2112 758 2191 Romanus;
781 2119 1077 2193 recuperatumque
1095 2112 1190 2176 Anlii
1204 2132 1277 2177 cor·

180 2236 258 2300 pus,
275 2218 383 2281 mixta
393 2235 472 2279 cum
487 2214 605 2277 dolore
620 2213 750 2289 laetitia,
767 2213 912 2277 victores
935 2212 969 2275 in
990 2220 1106 2277 eastra
1126 2214 1277 2278 referunt.

181 2318 359 2393 Samnites,
380 2317 467 2381 duce
492 2316 629 2391 amisso,
650 2322 685 2377 et
705 2332 763 2395 per
785 2320 939 2395 equestre
960 2321 1128 2377 certarnen
1142 2316 1279 2378 tentatis

180 2420 319 2495 viribus,
350 2420 476 2483 omissa
502 2415 665 2491 Saticula,
694 2434 796 2497 qoam
825 2413 1048 2498 nequicquam
1071 2414 1206 2480 delendi
1229 2434 1280 2479 re·

181 2522 314 2596 bantur,
346 2521 390 2583 ad
417 2519 549 2583 Plistica
586 2516 795 2581 obsidionem
823 2514 982 2593 redenot3
1013 2516 1167 2598 intraque
1195 2534 1277 2599 pan·

181 2642 242 2685 cos
252 2622 324 2685 dies
336 2618 490 2687 Saticula
501 2618 677 2683 Romaum
691 2636 753 2698 per
767 2613 983 2691 deditionem,
1000 2613 1123 2680 Plistia
1136 2634 1196 2699 per
1210 2615 1280 2679 vim

181 2724 314 2789 Samnis
327 2723 460 2803 potitur.

224 2824 277 2889 23.
299 2822 434 2886 Mutata
449 2820 524 2883 iude
537 2818 618 2883 belli
640 2817 739 2881 sedes
764 2823 827 2879 est.
873 2813 933 2878 Ad
951 2814 1065 2877 Soram
1082 2834 1128 2878 ex
1142 2814 1279 2879 Samnio

183 2922 376 3005 Apuliaque
400 2921 560 2985 traductae
581 2918 743 2996 legiones.
788 2916 876 2981 Sora
897 2913 940 2977 ad
963 2914 1130 2979 Sannites
1149 2914 1281 2981 deleca-

183 3031 256 3101 rat,³
277 3024 459 3087 intersectis
475 3020 603 3085 colonis
619 3017 859 3083 Romanorum.
903 3012 982 3090 Quo
1000 3034 1076 3077 oum
1098 3015 1190 3096 prior
1211 3014 1281 3077 Ro·
1312 3033 1320 3042 ·

185 3138 301 3189 tnenus
316 3122 497 3197 exercitus,
512 3118 554 3183 ad
571 3115 798 3183 ulciscendam
814 3114 939 3180 civium
952 3132 1069 3179 necem
1083 3132 1282 3196 recuperau-

185 3225 330 3309 damque
361 3223 542 3297 coloniam,
576 3220 704 3299 magnis
745 3216 919 3281 itineribus
956 3215 1198 3296 praevenisset,¹
1188 3213 1213 3251 ¹⁸
1250 3220 1284 3277 et

186 3328 294 3409 sparsi
307 3344 366 3409 per
375 3326 455 3388 vias
464 3322 705 3405 speculatores,
720 3336 818 3400 sequr
807 3317 979 3397 legiones
995 3315 1205 3393 Samnitium,
1221 3334 1283 3379 nec

183 3429 255 3510 jam
279 3426 397 3509 procul
418 3425 553 3499 abesse,
577 3421 635 3487 alii
652 3438 753 3505 super
774 3418 873 3494 alios,
900 3416 1111 3497 nuntiarent;
1148 3400 1284 3481 ebriam

649 3611 829 3635 Omnino

193 3754 224 3800 lt
242 3748 306 3811 Oteq
307 3748 386 3798 attere
402 3748 519 3799 Gronov.
541 3745 683 3813 Itoniae-
654 3746 714 3793 -lt
742 3741 849 3804 Insignis
866 3740 912 3790 iid.
935 3756 995 3791 eun
1013 3743 1127 3792 Crevier
1128 3744 1193 3789 —lo
1208 3738 1284 3799 virg.

190 3812 371 3877 qaodtcmfero
372 3812 440 3863 citer.
442 3815 505 3859 -li
523 3808 600 3873 vulg.
611 3807 891 3870 Fratriq⁸eproeeiparrar
902 3808 979 3855 darre.
1012 3806 1072 3854 vid.
1085 3806 1148 3854 Not.
1158 3804 1220 3852 Ver

687 3969 794 4020 NO'l'AE

222 4078 234 4113 ¹
253 4072 307 4127 Qee
325 4074 374 4118 tum
383 4068 511 4132 ferociter]
536 4066 616 4121 Libri,
636 4064 719 4115 Gran.
758 4074 892 4127 quousque
904 4066 958 4109 tera
969 4056 1090 4107 ferociter
1099 4056 1284 4120 adequitasset.

193 4146 343 4207 profitente,
367 4152 520 4193 constanter
541 4142 637 4191 liabent
659 4142 719 4203 qued
782 4142 801 4170 ‘¹
817 4138 879 4185 Sero
897 4136 929 4183 od
951 4133 1071 4182 manee·
1089 4132 1216 4195 defecerat]
1243 4132 1286 4181 De
1380 4164 1383 4169 -

193 4226 243 4268 tam
252 4221 379 4277 ferociter.
399 4220 451 4269 Sed
460 4220 526 4269 ratio
538 4218 594 4267 vult
604 4232 657 4280 que.
682 4216 719 4265 Ut
758 4214 824 4264 Sora
836 4210 937 4260 colonia
949 4210 974 4259 in
985 4208 1085 4258 Volscis
1097 4209 1141 4257 lib.
1153 4222 1203 4258 vir.

195 4296 228 4344 eit
253 4308 322 4357 egre
350 4296 452 4358 patiens
480 4295 539 4343 iude
567 4304 595 4341 ee
623 4290 720 4353 titgeri,
