3150 4942
314 446 401 512 1308
781 456 937 509 m‘srvu

314 612 349 669 et
370 604 443 687 ipse
457 602 563 667 cernit
577 620 621 664 ox
638 602 808 683 superiore
821 600 911 673 loco,
925 601 959 663 in
973 604 1101 683 quanto
1118 599 1314 664 discrimine
1330 600 1419 685 praess

314 705 437 771 sidium
461 710 563 768 esset.
606 701 759 766 Ceterum
780 703 866 765 satis
885 702 997 782 fretos,
1011 720 1085 766 esse
1095 709 1124 739 ²⁰
1144 702 1246 765 etiam
1262 722 1357 766 nnnc
1371 710 1425 766 tn-

312 805 449 870 lerando
471 804 644 869 certamini
669 806 841 885 legatum:
861 822 922 866 neo
943 822 979 866 se
1002 802 1119 885 procul
1134 804 1256 865 abesse
1273 804 1424 884 periculi

313 895 492 982 vindicem,
508 925 607 987 quam
632 906 777 968 maxime
802 904 875 968 vult
895 905 1027 986 fatigari
1049 903 1194 979 bostem,
1213 909 1253 967 ut
1275 904 1425 985 integris

313 1007 484 1072 adoriatur
516 1007 644 1069 viribus
672 1006 797 1069 fessos.
854 1003 1058 1087 Quanquam
1090 1004 1182 1067 lente
1211 1005 1422 1085 procedunt,

308 1106 381 1190 jum
399 1117 508 1171 tamen
523 1106 566 1171 ad
582 1108 742 1189 impetum
759 1104 1088 1188 capiendum‚'equiti
1101 1104 1229 1185 utique,
1243 1106 1424 1170 modicum

312 1216 384 1273 erat
405 1206 562 1291 spatium.
606 1207 722 1270 Prima
743 1205 943 1269 incedebant
962 1205 1057 1285 signu
1069 1204 1253 1285 legionum,
1268 1224 1313 1267 ne
1333 1208 1423 1288 quid

312 1310 481 1374 occultum
508 1316 567 1373 eut
590 1308 803 1390 repentinum
827 1307 932 1369 bostis
953 1306 1098 1370 timeret:
1128 1304 1187 1367 sed
1211 1304 1419 1388 reliquerat¹

311 1409 485 1474 intervalla
499 1410 583 1474 inter
598 1409 730 1472 ordines
744 1406 905 1490 peditum,
922 1424 992 1490 qua
1003 1406 1088 1469 satis
1103 1406 1184 1469 laxo
1199 1408 1318 1489 spatio
1333 1409 1421 1490 equi

229 1536 232 1541 ¹
311 1512 457 1593 permitti
487 1517 636 1592 possent.
691 1508 823 1571 Pariter
852 1506 990 1570 sustulit
1016 1504 1198 1569 clamorem
1227 1508 1346 1585 ecies3
1383 1518 1422 1572 et

311 1612 481 1674 emissus²
504 1618 629 1693 eques*
652 1610 757 1673 libero
779 1628 879 1672 cursu
899 1610 931 1672 in
946 1609 1077 1671 bostem
1091 1608 1266 1679 invehitur,
1281 1610 1422 1674 incons-

309 1711 500 1793 positisque
517 1710 679 1773 adversus
694 1717 877 1792 equestrem
892 1707 1073 1791 procellam
1085 1709 1230 1772 subitum
1247 1729 1420 1790 pavorem

309 1808 459 1875 offundit.
504 1810 635 1892 ltaque,
649 1816 686 1873 ut
698 1830 801 1893 prope
817 1828 928 1872 serum
944 1809 1124 1872 auxilium³
1141 1810 1214 1892 jem
1230 1829 1331 1892 paene
1350 1812 1420 1874 cir·

311 1910 505 1985 cumventis,
517 1912 565 1975 ita
588 1911 746 1974 universa
766 1910 926 1992 requies·
945 1909 1028 1996 data
1049 1909 1127 1972 est!
1170 1908 1295 1992 Integri
1315 1930 1421 1975 acce-

310 2030 388 2095 pere
409 2017 571 2094 pugnam:
593 2031 656 2074 nec
680 2031 721 2074 eu
745 2011 823 2093 ipsu
847 2012 957 2092 longa,
978 2018 1038 2074 ant
1060 2029 1187 2092 enceps
1206 2012 1282 2073 tuit.
1328 2011 1421 2077 Fosi

309 2111 426 2174 hostes
441 2118 553 2175 castra
566 2116 728 2193 repetunt,
744 2110 1028 2192 inferentibusque
1039 2111 1111 2193 jem
1128 2112 1222 2192 signa
1243 2109 1420 2176 Romanis

309 2212 442 2288 cedunt,
454 2219 488 2275 et
501 2214 533 2275 in
546 2212 696 2275 ultimam
708 2216 891 2275 castrorum
904 2218 1030 2293 partem
1044 2210 1294 2291 conglobantur.
1329 2212 1420 2278 11ae-

307 2320 377 2375 rent
398 2312 569 2392 fugientes
590 2312 624 2374 in
638 2310 801 2392 angustiis
817 2316 1002 2393 portarum:
1028 2330 1106 2394 pars
1121 2330 1239 2391 magna
1253 2330 1417 2393 aggerem

307 2412 502 2493 vallumque
527 2410 766 2490 conscendunt,
780 2414 809 2475 si
835 2417 892 2474 aut
913 2432 958 2474 ex
980 2412 1151 2494 superiore
1164 2412 1240 2475 loco
1255 2416 1346 2477 tueri
1361 2435 1417 2492 se,

307 2518 367 2575 aut
390 2531 550 2594 superare
577 2512 691 2595 aliqua
715 2518 750 2573 et
772 2511 916 2575 evadere
940 2522 1090 2593 possent.
1133 2512 1236 2575 Forte
1259 2514 1416 2595 quodam

305 2612 386 2673 loco
408 2612 495 2673 male
519 2610 678 2673 densatus
701 2630 802 2692 agger
821 2611 966 2694 pondere
985 2612 1264 2694 superstantinm⁴
1286 2614 1322 2676 in
1342 2615 1414 2679 fos

306 2726 378 2773 sem
405 2710 601 2791 procubuit:
626 2715 729 2791 etque
754 2728 896 2774 escum
922 2712 1015 2776 Deos
1036 2711 1184 2794 pendere
1208 2714 1297 2777 riam
1318 2716 1413 2799 sogae

337 2893 347 2917 ⁶
367 2888 417 2935 Cos
480 2888 608 2948 siegrium
621 2890 666 2936 Ca.
679 2889 785 2943 Fulvius,
798 2889 874 2936 ndlsc
884 2889 1020 2937 musondo
1027 2889 1111 2949 prelio
1122 2902 1202 2951 pnress
1212 2902 1271 2938 esse.

337 2946 350 2980 ‘²
368 2950 391 2996 E
412 2956 487 2999 ectum
499 2956 542 3007 est,
554 2956 581 3000 ut
591 2954 675 3001 stetim
685 2968 700 3001 o
711 2954 839 3001 certamine
849 2952 952 3013 sedique
962 2952 1056 3001 omiss
1066 2966 1156 3001 cessere
1166 2954 1268 3002 deurit.

780 3094 839 3115 un
842 3093 945 3114 nonu

337 3196 368 3241 lu
384 3192 445 3242 Vel.
462 3193 508 3241 lib.
526 3192 593 3256 apud
613 3192 701 3257 Sigon.
716 3192 862 3249 festinantes
879 3192 915 3239 tre
933 3192 1073 3240 nium-20
1098 3192 1161 3242 Vel.
1181 3194 1225 3243 lib.
1242 3195 1313 3258 spnd
1328 3198 1412 3247 eund.

300 3254 383 3313 fretru
403 3256 464 3305 sutis
484 3261 590 3306 esse-l
618 3256 658 3305 ΑΙ.
681 3257 833 3318 relinqueret.
870 3256 943 3318 conj.
972 3256 1082 3318 Rupert-
1101 3258 1187 3306 relicts
1206 3264 1335 3308 erant-2
1359 3260 1407 3309 st.

306 3319 481 3369 immissu-⁸
499 3323 507 3349 ⁴
521 3322 595 3371 Voss.
607 3326 634 3369 ut
642 3334 789 3383 prosperum.
810 3319 912 3368 Thoen.
923 3319 1001 3367 Voss.
1013 3320 1089 3379 siler,
1100 3319 1152 3369 dno
1162 3321 1231 3370 Pell.
1241 3328 1269 3370 st
1280 3337 1409 3385 prom

305 3382 428 3431 nssitmm.
468 3383 586 3444 Tertius,
606 3391 634 3432 st
654 3399 701 3433 uon
717 3396 843 3446 properum
860 3382 991 3431 milium:
1009 3384 1050 3432 cui
1068 3398 1141 3445 paene
1159 3384 1267 3448 accedo,
1284 3389 1336 3437 etsi
1354 3402 1409 3436 non

304 3443 408 3504 oblitus,
425 3460 503 3495 smum
521 3448 638 3497 nusttisss
656 3446 718 3495 alibi
736 3445 898 3508 frequentari
918 3447 1026 3495 Nostro.
1050 3447 1108 3497 Lib.
1130 3451 1408 3500 xxvrss.25.¹Nil1ll

303 3506 394 3569 reliqui
413 3508 543 3561 bsbebsnt
556 3520 651 3575 preter
663 3525 714 3561 non
727 3510 885 3561 tutissimum
896 3525 913 3559 s
923 3512 996 3559 melis
1014 3511 1128 3561 consitiis
1140 3513 1308 3577 receptore.'’
1323 3516 1353 3563 J.
1370 3516 1406 3565 F.

800 3652 907 3704 NOTAE

334 3756 345 3781 ¹
361 3747 469 3797 Emissus
477 3750 558 3813 eques]
581 3750 622 3798 lts
633 3752 751 3800 meliores
761 3751 831 3799 codi-
873 3750 991 3801 turbatos
1003 3751 1118 3801 evertit’

302 3838 355 3887 ces,
374 3834 402 3875 et
417 3828 510 3877 melius
529 3842 604 3892 qnsm
627 3827 645 3876 ii
663 3828 707 3891 qni
723 3828 831 3889 hebent,
904 3836 916 3861 ¹
934 3828 1050 3878 Universa
1058 3829 1162 3894 νηπία]
1172 3831 1217 3881 Sic
1226 3833 1292 3881 liv.
1308 3832 1403 3897 ‘Spem

300 3900 427 3950 immissus.
459 3902 524 3952 Vult
535 3904 602 3952 euim
614 3902 758 3965 equitatum
772 3918 830 3966 pos·
872 3904 997 3951 universae
1017 3905 1132 3953 victorie
1144 3906 1307 3969 precipere)
1333 3909 1405 3958 Item

301 3982 384 4024 trems
395 3990 429 4024 ex
441 3978 506 4036 scie,
517 3976 560 4027 ubi
571 3984 629 4041 post
640 3979 755 4038 legiones
767 3980 832 4027 lsts·
871 3980 917 4028 lib.
928 3992 1002 4029 xxrr.
1014 3987 1021 4008 ‘
1032 3980 1126 4043 Neque
1147 3982 1267 4030 universo
1286 3982 1404 4045 periculo

302 4048 357 4111 bet,
369 4048 454 4098 subito
466 4065 513 4113 per
524 4066 610 4100 esrum
628 4052 764 4101 intervalla
784 4053 831 4102 ad·
870 4068 968 4103 summe
980 4068 1065 4103 rerum
1076 4056 1308 4107 committebatur)
1323 4058 1404 4107 Ωιι·-

302 4136 390 4171 sersus
413 4124 500 4173 hostes
523 4126 586 4174 nibil
608 4128 660 4175 tale
683 4134 830 4177 metuentes
870 4144 919 4193 qne
932 4128 984 4182 slis
994 4129 1110 4179 Gronov.
1123 4130 1252 4181 observet.
1270 4134 1404 4191 Ceveits-

301 4198 431 4247 emissum.
465 4200 498 4248 Et
510 4200 606 4250 Noster
618 4203 654 4250 sic
665 4204 733 4267 loqui
750 4212 829 4267 amet,
870 4222 918 4269 que
931 4221 963 4254 ne
974 4206 1135 4255 emendatius
1148 4217 1225 4273 putes
1241 4209 1289 4272 ite,
1304 4211 1402 4260 eniser-

303 4277 332 4317 ιιι
352 4269 396 4320 lib.
409 4284 458 4323 νιι.
486 4274 592 4337 ‘Eques
608 4277 702 4327 deinde
720 4280 828 4329 emissus
867 4284 901 4330 ets
911 4282 1004 4343 requies
1013 4283 1070 4331 dete
1080 4288 1124 4331 est.
