3150 4942
314 392 401 467 1270
782 412 816 464 r.
843 410 937 465 muri

315 558 455 641 propius
480 564 534 621 est
555 572 645 634 vero,
671 558 876 641 praecipuum
891 557 1019 641 aliquid
1034 558 1140 623 fuisse
1161 558 1196 621 iu
1219 578 1274 636 eo,
1298 560 1357 643 qni
1380 572 1423 626 se

315 662 383 720 tam
406 657 525 721 audaci
552 656 763 721 simulatione
787 658 940 723 hostibus
963 659 1190 722 immiscuerit·
1233 660 1367 725 Servus
1388 665 1420 726 ei

315 757 437 822 dicitur
451 778 566 823 comes
582 777 667 822 unus
677 758 796 834 luisse,
811 760 952 823 nutritus
965 778 1044 835 una,
1056 774 1165 842 eoque
1175 759 1265 824 haud
1279 764 1419 843 ignaros

314 859 438 942 liuguae
453 860 624 943 ejusdem:
647 878 709 923 uec
725 861 904 943 quicquam
920 859 1012 925 aliud
1029 860 1291 943 proficiscentes,
1314 884 1419 945 qnam

316 964 513 1025 summatim
523 960 682 1042 regionis,
698 980 775 1043 quae
788 960 942 1025 intranda
955 968 1037 1038 erat,
1053 969 1208 1025 naturam
1224 982 1266 1027 ao
1279 967 1420 1029 uomina

316 1062 503 1145 principum
519 1063 552 1124 iu
570 1062 710 1145 populis
725 1080 904 1145 acceperas
926 1081 968 1125 ne
982 1081 1051 1146 qua
1066 1064 1151 1125 iuter
1172 1060 1349 1147 colloquia
1370 1069 1420 1129 iu·

316 1164 404 1245 signi
428 1168 506 1227 nota
530 1163 726 1228 haesitantes
746 1161 946 1245 deprehendi
965 1170 1118 1243 possent.
1163 1163 1237 1226 lere
1252 1166 1420 1247 pastorali

316 1265 441 1339 habitu,
468 1264 657 1345 agrestibus
685 1263 770 1340 telis,
799 1263 946 1327 falcibus
976 1262 1144 1345 gaesisque
1166 1265 1255 1327 hiuis
1283 1267 1418 1330 armati.

316 1364 385 1428 Sed
400 1384 508 1448 neque
521 1366 751 1428 commercium
771 1362 907 1445 lingua,
931 1359 996 1427 ne'o
1012 1364 1117 1427 restis
1131 1383 1345 1428 armommve
1359 1366 1420 1430 ha·

316 1466 409 1529 bitus
420 1472 468 1529 sic
480 1486 539 1529 eos
553 1466 649 1537 texit,
662 1484 761 1547 quam
772 1468 864 1547 quod
876 1464 1071 1529 abhorrebat
1081 1464 1212 1542 abfide,
1223 1485 1420 1550 quenquam

316 1574 483 1630 externum
500 1563 661 1628 Ciminios
677 1564 784 1628 saltus
799 1566 1007 1630 intratumm.
1051 1559 1170 1649 Usque
1182 1565 1225 1631 ad
1240 1566 1421 1631 Camertes

318 1665 487 1731 Umbrosr
510 1672 701 1749 penetrasse
721 1665 886 1729 dicuutur.
930 1664 1000 1760 lbi,
1019 1665 1215 1747 quiessent,
1230 1666 1331 1731 lateri
1348 1668 1423 1733 Ro-

317 1785 450 1829 manum
467 1785 603 1846 ausum;
618 1766 913 1849 introductumque
924 1766 958 1828 io
971 1773 1122 1829 senatum
1139 1768 1289 1830 consulis
1304 1771 1421 1833 verbis

317 1868 428 1949 egisse
444 1866 484 1930 de
500 1868 663 1931 societate
686 1866 920 1948 amicitiaqu03
942 1872 1042 1949 atque
1057 1868 1133 1930 inde
1150 1868 1238 1931 comi
1262 1867 1420 1951 hospitio

168 2042 174 2056 q
242 1984 244 1989 ’
318 1975 508 2051 acceptum,
523 1971 670 2032 nuntiare
681 1966 845 2032 Romame
856 1967 1000 2051 jussum,
1017 1975 1237 2032 commeatum
1249 1972 1422 2035 exercitui

318 2070 443 2134 diemm
461 2070 596 2150 triginta
611 2075 738 2152 praesto
753 2068 837 2143 fore,
861 2068 890 2130 si
913 2086 955 2131 ea
969 2068 1047 2132 loca
1062 2069 1238 2148 intrasset3
1255 2069 1421 2152 jurentu-

319 2180 451 2254 lemque
471 2171 672 2235 Camertium
696 2168 896 2235 Umbromm
922 2170 954 2232 iu
976 2170 1078 2232 armis
1098 2176 1249 2252 paratam
1277 2172 1421 2255 imperio

317 2274 473 2343 suturam.
520 2270 608 2336 Haeo
636 2290 711 2334 cum
735 2270 841 2333 relata
863 2269 993 2333 consuli
1019 2276 1139 2347 esseut,
1169 2270 1420 2351 impedimentis

318 2373 425 2454 prima
449 2371 566 2453 vigilia
586 2370 780 2453 praemissis,
801 2370 985 2452 legionibus
1007 2377 1085 2451 post
1105 2370 1348 2453 impedimenta
1367 2372 1421 2436 ire

312 2472 431 2556 jussis,
454 2474 530 2555 ipse
546 2471 697 2534 substitit
716 2488 793 2534 cum
807 2470 980 2551 equitatu:
1003 2476 1045 2545 et,
1068 2470 1146 2533 luce
1163 2478 1251 2544 orta,
1275 2480 1419 2554 postero

318 2571 373 2635 die
386 2572 595 2656 obequitavit
610 2570 808 2635 stationibus
824 2570 983 2645 hostium,
1003 2589 1080 2652 quae
1094 2576 1189 2633 extra
1205 2570 1329 2636 saltum
1345 2573 1419 2637 dis·

319 2673 439 2754 positae
454 2679 562 2735 erant:
586 2678 629 2746 et,
645 2690 720 2734 cum
736 2672 819 2734 satis
837 2672 893 2735 diu
916 2673 1077 2735 tenuisset
1090 2672 1232 2749 hostem,
1255 2674 1288 2736 iu
1304 2682 1417 2747 castra

317 2786 395 2837 sese
408 2774 555 2855 recepit3
578 2780 740 2856 portaque
754 2773 857 2837 altera
872 2792 1038 2855 egressus,
1054 2779 1131 2836 autc
1147 2782 1278 2837 noctem
1294 2794 1417 2855 agmen

317 2876 519 2956 assequitur.
564 2873 705 2937 Postero
726 2873 794 2951 die,
817 2874 891 2937 luce
914 2874 1030 2957 prima,
1040 2874 1125 2957 juga
1139 2872 1275 2939 Ciminii
1291 2878 1415 2941 montis

319 2974 461 3038 tenebat.
506 2973 599 3051 Inde,
619 2975 863 3056 contemplatus
885 2974 1046 3056 opulenta
1070 2973 1211 3039 Etruriae
1234 2966 1329 3051 arva,
1352 2978 1414 3040 mi·

316 3077 394 3141 lites
422 3076 553 3140 emittit.
609 3074 739 3156 lugenti
761 3073 833 3156 jam
863 3074 988 3138 abacta
1022 3074 1149 3157 proeda,
1183 3076 1414 3143 tumultuatim

317 3178 493 3259 agrestium
510 3174 726 3238 Etruscorum
746 3173 913 3250 cohortes,
935 3178 1074 3256 repente
1095 3194 1117 3237 a
1135 3176 1348 3259 principibus
1362 3196 1415 3241 re-

317 3278 426 3358 gionis
452 3276 527 3359 ejus
553 3277 746 3351 concitatae,
772 3274 939 3339 Romanis
962 3281 1148 3352 occurrunt,
1173 3274 1257 3339 adeo
1285 3276 1415 3341 iucom-

317 3378 450 3459 positee,
473 3385 511 3441 ut
530 3377 677 3441 vindices
704 3374 891 3457 praedamm
915 3393 1019 3456 prope
1041 3374 1110 3456 ipsi
1132 3376 1256 3458 praedae
1280 3377 1414 3442 luerim.

317 3474 424 3539 Caesis
438 3475 628 3560 fugatisque
643 3478 695 3553 iis,
709 3476 779 3540 late
795 3476 1000 3558 depopulato
1010 3494 1101 3559 agro,
1113 3476 1221 3539 victor
1235 3477 1412 3543 Romanus

813 3671 918 3724 NOTAE

344 3786 360 3830 r
381 3784 461 3849 Usque
477 3786 509 3835 cd
526 3784 647 3833 omno
666 3782 779 3849 Urtrbrm]
797 3784 846 3833 cn·
885 3800 944 3835 unm
957 3786 989 3835 ad
1001 3786 1091 3836 Pisani
1106 3784 1182 3845 finer,
1193 3787 1329 3849 plusquam
1340 3786 1412 3837 bidai

317 3868 481 3911 menesium
493 3859 537 3923 qni
548 3857 713 3908 Camerinum
722 3859 845 3921 oppidum
885 3864 979 3913 itinera
989 3864 1022 3912 ab
1030 3863 1120 3913 Sutrio
1129 3872 1252 3922 muetos,
1263 3870 1413 3924 penetrasse

248 3978 252 3989 .
316 3940 442 4000 incolunt,
458 3953 637 4005 annoquoqua
655 3938 845 3989 Cameriaodie·
886 3952 976 4002 parum
988 3936 1114 3986 credibile
1124 3945 1173 3985 ert.
1193 3936 1251 3986 Nec
1261 3936 1415 3986 multomi-

316 4026 381 4067 tum.
414 4016 537 4065 Ceterum
557 4014 702 4063 scrutandis
725 4013 843 4063 Ciminia
885 4010 1412 4077 mileseroquodouhjuugitur,deroeie-

316 4093 396 4153 sylva
408 4090 544 4138 itineribus
555 4096 600 4137 aut
613 4087 723 4143 ‚latebris
742 4087 843 4150 missor,
883 4096 941 4138 tate
952 4088 1117 4151 amicitiaque
1123 4086 1257 4150 jungenda
1268 4100 1326 4136 cum
1338 4100 1419 4137 reu·-

316 4162 350 4212 ad
362 4160 504 4225 Camertes,
515 4164 628 4212 Umbria
643 4163 762 4226 populos,
772 4173 844 4214 trau·
884 4174 912 4213 tu
922 4164 1044 4214 Comerte
1055 4164 1139 4225 egisse
1145 4160 1263 4209 homiues
1271 4160 1348 4228 duos,
1355 4164 1413 4214 uul-

315 4236 430 4285 Tiberim
451 4237 560 4299 scilicet,
583 4245 706 4301 transque
728 4236 844 4300 lipsani·
882 4236 1249 4301 iolegatisdiguoconrltata.

1542 443 1544 570 l
