3150 4942
551 440 623 488 nin.
647 439 704 488 rx.
727 436 808 487 nnn.
831 423 885 487 at.
1172 422 1258 491 1265

164 589 267 658 erunt,
287 583 368 667 quie
386 582 471 647 hanc
496 588 697 666 postremam
714 584 861 667 jusserat
883 580 1144 664 populus32001
1164 584 1256 666 quis,

161 688 221 757 ,noi
245 685 322 749 duee
343 686 517 749 contrariae
540 683 631 765 leges
656 690 742 757 sunt,
769 702 900 765 semper
924 684 1070 765 antiquae
1096 684 1255 765 obrogut¹

163 782 272 849 nova.¹
317 784 371 849 An
392 783 566 859 hoedinis,
585 782 689 865 Appi,
704 802 770 846 uon
789 784 891 848 teneri
911 784 1049 847 AEmiliu
1062 784 1134 867 lege
1146 804 1257 867 popu·

162 888 254 950 iuml
278 905 321 947 nn
336 885 494 968 populum
511 884 624 959 teneri,
639 891 670 948 te
686 902 786 947 unum
801 883 954 966 exlegem
970 885 1092 947 essel²
1135 885 1258 950 Tenuit

163 985 302 1049 AEmilie
323 985 381 1048 lex
406 983 568 1067 violentos
592 983 667 1047 illos
687 1002 853 1058 censores,
868 982 908 1047 C.
923 983 1060 1047 Furium
1075 993 1109 1049 et
1123 985 1172 1048 M.
1188 984 1256 1049 Ge·

161 1086 309 1167 genium,
321 1087 392 1169 qui,
405 1086 483 1168 quid
499 1087 563 1150 istc
579 1084 790 1165 magistratus
804 1086 836 1147 in
851 1104 889 1147 re
904 1086 1042 1167 publica
1054 1086 1134 1148 meli
1146 1086 1257 1150 secere

88 1212 90 1215 ·
163 1193 305 1268 posset,³
325 1186 524 1262 indicarunt,
539 1204 629 1263 cum,
645 1187 694 1250 iro
711 1184 813 1249 linitae
827 1188 1013 1267 potestatis,
1029 1185 1134 1249 Mum.
1150 1187 1257 1249 AEmi-

162 1287 254 1363 lium,
271 1287 451 1369 principem
474 1287 585 1351 oetatis
610 1306 680 1349 suec
704 1285 783 1349 belli
806 1286 976 1370 domique,
996 1288 1147 1351 aerarium
1168 1286 1256 1350 sece-

162 1395 282 1452 ruutr'n
304 1389 413 1451 tenuit
425 1387 585 1470 deinceps
600 1402 717 1451 omues
732 1406 891 1450 censuros
905 1389 993 1450 intre
1008 1392 1138 1450 centum
1153 1405 1256 1463 anuo,-
1305 1400 1310 1410 ·

163 1506 237 1551 rum
261 1490 426 1570 spatium:
451 1496 541 1551 tenet
567 1486 607 1550 G.
629 1485 802 1551 Plautium
829 1487 991 1569 collegam
1013 1493 1117 1564 tuum,
1137 1488 1256 1551 iisdem

164 1590 337 1679 auspiciis,
351 1590 469 1654 eodem
486 1590 562 1672 jure
583 1595 741 1653 creatum.
785 1589 840 1652 Au
863 1589 949 1653 bunc
971 1608 1048 1664 non,
1063 1596 1103 1653 ut
1124 1590 1180 1670 qui
1196 1610 1257 1671 op-

163 1694 244 1755 timo
255 1693 332 1776 jure
347 1709 465 1754 censor
479 1696 609 1754 orestus
624 1694 726 1766 esset,
743 1690 894 1772 populus
912 1691 1086 1755 creevitl¹¹
1109 1697 1146 1754 tu
1167 1710 1256 1755 uuus

195 1972 227 2018 1⁹
245 1968 381 2018 Odrueruut
392 1969 506 2017 Gronov.
519 1968 624 2031 Duujst.
637 1967 817 2018 cretton-2⁰
833 1968 909 2028 Vulg.
921 1968 980 2017 lese
989 1973 1130 2029 mosomum
1139 1966 1256 2027 jusserat.

162 2031 194 2080 'll
211 2036 308 2095 pondus
319 2033 369 2081 del.
383 2033 460 2081 Grut.
473 2032 586 2081 Gronov.
605 2032 711 2093 Doujst.
728 2032 846 2081 Crevier.
861 2032 952 2079 ull-l
970 2029 1032 2079 ‘st
1050 2045 1100 2079 nou
1113 2034 1179 2080 msle
1190 2032 1257 2080 suti·

162 2112 231 2157 qussi
240 2097 348 2157 φημί,
367 2095 413 2145 sed
432 2110 568 2159 perpetrm
580 2097 685 2159 suoque
695 2095 812 2157 smogotl
827 2096 986 2156 Rupere-2
1002 2095 1077 2154 vulg.
1093 2100 1164 2143 estro
1177 2096 1253 2155 lecese

162 2163 267 2209 erre—t
284 2162 367 2209 ‘Male
380 2160 462 2221 serere
470 2166 555 2221 passu.
575 2160 652 2208 Forte
664 2159 749 2208 verius
766 2159 825 2222 quid
838 2160 895 2207 orcls'
906 2158 989 2218 fucere
1005 2157 1099 2221 poue&
1116 2158 1256 2221 Doujst-

657 2286 769 2338 NOTAE

196 2383 205 2417 ¹
222 2384 271 2433 Uli
281 2386 335 2433 due
345 2384 547 2445 contrectatum
556 2388 620 2445 saort,
631 2399 691 2433 suo-
728 2390 832 2433 orestus
855 2390 936 2445 esset,
956 2382 1046 2433 similis
1067 2397 1126 2433 esse
1147 2382 1257 2433 deberet

162 2473 206 2522 per
216 2458 320 2521 nrtiqsae
335 2458 433 2521 soeges
449 2460 520 2522 snos]
538 2459 569 2508 lu
581 2459 691 2508 dirersis
729 2460 821 2522 priscis
840 2459 890 2509 illis
907 2459 951 2523 qui
968 2474 1102 2509 eenrurssr
1119 2474 1166 2522 per
1183 2459 1256 2523 quis·

164 2535 263 2597 legibus
284 2534 316 2582 de
339 2533 430 2583 erdem
451 2548 479 2582 re
501 2532 623 2589 fersudls,
647 2533 691 2582 ob·
728 2534 867 2598 quenulurn
881 2539 1031 2596 gessersuu
1054 2534 1191 2583 utosenim
1203 2548 1256 2583 me·

164 2608 317 2659 servendum
327 2614 368 2657 est
379 2608 514 2657 discrimen
524 2608 591 2657 luter
601 2610 609 2637 ‘
618 2607 692 2657 sbro-
727 2610 784 2660 lieri
797 2610 859 2673 jure
869 2624 900 2658 ec
911 2609 1060 2658 conditione
1075 2607 1154 2657 irrisae
1172 2608 1202 2656 ils
1211 2608 1256 2673 qui

139 2706 144 2714 ·
163 2683 246 2749 gere?
272 2683 443 2746 ‘derogare’
467 2691 495 2733 et
519 2683 691 2749 ‘obrogsre’
727 2684 827 2734 nonnisi
837 2698 904 2734 suno
914 2683 1058 2734 sedimidio
1066 2682 1257 2736 censoresiulr·

164 2763 300 2825 Abregsre
315 2770 365 2822 est,
375 2762 459 2826 legem
471 2762 561 2813 tollere
574 2770 652 2825 etque
664 2762 690 2812 iu
727 2768 795 2811 seut.
829 2761 940 2823 Repouit
951 2759 983 2808 Ρ.
994 2760 1159 2821 Sempronius
1174 2760 1257 2808 tribu·

164 2846 246 2889 toturn
258 2837 357 2887 irritem
370 2837 466 2887 t'scere.
492 2839 626 2901 Derogsre
641 2844 691 2896 est,
728 2848 784 2895 urts,
795 2835 933 2884 clsusulom
949 2832 1028 2895 illsnr,
1045 2848 1096 2896 qus
1107 2832 1256 2897 utebantur,

164 2928 215 2979 quo
227 2916 309 2963 minus
320 2913 416 2977 aliquid
432 2928 465 2962 ex
483 2914 542 2975 lege
554 2913 635 2961 veteri
648 2925 691 2961 rs·
728 2910 770 2973 qul
782 2909 945 2969 megistrstus
956 2914 985 2957 et
998 2907 1145 2957 secerdotes
1163 2920 1256 2955 renum

164 2989 332 3045 tertrametro
340 2989 399 3051 lege
407 3002 480 3037 nors.
497 2987 633 3050 Obrogsre
641 2993 692 3049 est,
729 2985 841 3044 tisbsnt,
851 2998 948 3033 ruerem
960 2982 1190 3043 fuissesormotaur,
1201 2981 1256 3045 dp·

51 3064 57 3071 '
164 3064 228 3128 tegis
247 3062 341 3128 prioris
357 3060 516 3111 infirmsudre
528 3074 604 3111 rerrss
616 3060 691 3109 elisur
729 3058 772 3122 pio
790 3073 848 3107 curn
867 3058 962 3107 ceteris
978 3057 1173 3119 magistretibns
1187 3071 1258 3106 cour·

164 3140 243 3189 ferre.
276 3140 316 3187 Ex
327 3138 403 3186 Festo
412 3145 471 3201 post
483 3138 539 3187 Cic.
729 3149 845 3185 munero:
863 3150 914 3199 qus
920 3133 1080 3198 jubebuntur
1091 3133 1199 3181 honores
1210 3148 1256 3193 fle·

196 3222 213 3247 ¹¹
231 3216 353 3265 AErorisu
362 3212 486 3275 feserunt]
503 3212 576 3262 luter
588 3212 692 3263 aersrios
729 3225 796 3272 rere,
815 3211 853 3259 uti
872 3212 971 3273 optimo
982 3209 1042 3272 jure
1058 3208 1113 3271 geri
1133 3216 1253 3270 possent:

163 3291 318 3339 retulerunt.
354 3288 433 3337 Erunt
443 3296 528 3337 sutem
541 3287 637 3349 aersrii,
649 3287 691 3350 qul
729 3287 773 3335 red
786 3286 927 3335 secumdum
941 3287 1019 3347 teges,
1030 3283 1123 3347 quibs
1139 3293 1203 3331 tuoe
1219 3285 1256 3333 ri·

163 3366 309 3429 ignominiis
331 3378 410 3431 conss
433 3378 448 3412 a
470 3362 619 3413 censoribus
639 3360 693 3412 sni·
729 3359 947 3409 verentilomsul.
974 3358 1057 3422 quue
1069 3358 1106 3407 its
1118 3366 1255 3421 receptum

164 3440 257 3503 fregio,
283 3454 313 3489 ec
332 3439 394 3501 jure
414 3438 535 3501 stipendii
564 3438 691 3501 militetis,
729 3434 763 3484 eb
786 3435 843 3483 eliis
865 3432 1025 3494 censoribus,
1047 3434 1091 3495 qni
1113 3448 1130 3481 s
1150 3441 1256 3483 centum

165 3517 248 3577 exuti,
266 3528 315 3563 nen
333 3514 403 3564 uliud
410 3516 455 3578 jus
466 3514 581 3563 civitatis
597 3514 691 3562 retine·
729 3509 839 3572 emplius
860 3509 933 3570 runis
956 3508 1037 3558 oresti
1058 3514 1154 3564 esseut,
1176 3516 1255 3572 etque

165 3592 238 3651 bsut,
258 3604 334 3653 quem
357 3598 385 3638 ut
409 3590 499 3637 tributi
519 3584 622 3637 nomine
640 3602 693 3637 ers
728 3586 794 3634 odeo
805 3584 837 3633 sl)
847 3584 904 3648 ipso
918 3582 998 3646 Appii
1007 3584 1116 3645 college.
1149 3583 1256 3648 Alioqui

166 3680 213 3729 pro
231 3680 277 3714 suo
296 3665 383 3726 cupite
400 3662 552 3724 penderent.
585 3664 625 3712 De
643 3664 691 3711 hec
728 3658 854 3716 futurum,
866 3660 949 3723 utqui
961 3658 1257 3709 rexererificuluseres·

165 3750 250 3792 sutem
262 3740 355 3804 injuris
375 3738 474 3789 AEruilio
487 3740 620 3789 Mamerco
632 3747 692 3802 pust
729 3742 812 3796 retur,
824 3736 884 3799 quis
896 3741 927 3782 ut
938 3735 981 3796 noi
998 3735 1095 3797 optimo
1108 3734 1169 3795 jure
1185 3734 1256 3781 dice·

164 3816 311 3867 sbdicstsm
330 3814 487 3865 dictstnrsru
507 3814 579 3864 iltrtu
596 3813 641 3863 lib.
653 3828 697 3869 ru.
728 3811 814 3871 betur,
825 3819 915 3874 posset
926 3810 1021 3871 regium
1035 3815 1190 3870 potestatem
1200 3806 1256 3855 sin·

164 3906 222 3955 cop.
231 3894 273 3939 24.
728 3885 832 3946 dicere;
843 3882 1049 3947 quondoquidem
1061 3880 1184 3943 optimum
1194 3878 1255 3927 t'uis·

196 3973 209 4000 ⁸
226 3965 265 4014 Au
284 3964 345 4012 usos
364 3976 420 4023 sou,
439 3966 467 4011 nt
483 3963 524 4025 qui
540 3962 692 4025 optinuisse
728 3969 768 4010 set
783 3962 839 4024 jur,
858 3960 1007 4021 optimeque
1023 3953 1141 4003 conditio
1157 3954 1256 4018 prisco·

163 4054 244 4091 censor·
264 4042 357 4087 orestes
378 4041 447 4097 uret,
468 4039 567 4098 populus
591 4037 692 4100 erescit]
727 4050 783 4084 rum
802 4033 955 4096 regemunt
976 4033 1064 4080 Rome
1083 4037 1256 4091 regnaverunt

165 4116 225 4168 Hoc
234 4116 319 4163 colore
331 4111 433 4175 Appius
446 4112 576 4169 utebatur,
588 4126 621 4162 ne
638 4114 692 4162 dic·
728 4126 744 4159 ι
762 4112 878 4159 Romulo.
911 4108 956 4157 Sic
976 4108 1057 4155 etism
1075 4106 1187 4170 reliquos
1201 4120 1270 4161 mss

167 4198 279 4239 tstursm
292 4185 579 4251 obdicsret,quodeum
592 4200 692 4248 censor,
731 4187 903 4251 gistratum
924 4182 1074 4232 secerdotes
1095 4196 1126 4229 er
1147 4180 1255 4241 termule

166 4263 250 4329 utqui
262 4262 360 4327 optimo
368 4262 437 4324 jure,
454 4262 508 4311 sire
519 4264 615 4326 optime
625 4262 693 4326 lege,
732 4260 804 4313 sbuti
815 4274 907 4325 posse:
924 4258 996 4309 serbi
1013 4271 1090 4309 esus·
1102 4256 1255 4325 dictatores,
