3150 4942
306 398 394 465 1376
772 412 806 458 τ.
828 410 923 461 nivrr

307 556 535 639 spectaculum
556 561 656 620 esset.
701 552 902 637 Priusquam
914 554 1039 617 clamor
1059 552 1240 629 tolleretur,
1262 572 1414 621 conom-

308 664 512 740 rereturque,
527 656 652 720 emisso
667 662 792 719 temere
804 655 897 738 pilo¹
918 656 1005 718 ictus
1020 654 1185 737 pultarias
1207 658 1286 717 ante
1311 655 1417 735 signa

308 757 444 822 cecidit.
488 756 588 835 Quod
603 756 662 821 ubi
677 756 808 820 consuli
822 755 1007 819 nuntiatum
1030 761 1097 828 ast,
1119 754 1201 818 ‘Dii
1220 756 1256 818 in
1280 757 1416 837 praelio

309 858 411 935 sunt,'
431 859 558 941 inquit3
581 857 701 921 ‘habet
714 868 849 939 poenam
863 858 999 921 noxium
1014 853 1139 937 eepnt'
1182 856 1273 921 Ante
1286 874 1419 919 conm-

309 961 376 1027 lem
389 961 463 1024 hmo
479 960 642 1023 dicentem
657 976 776 1023 corvus
791 975 876 1022 voce
889 957 982 1021 clara
1003 956 1164 1020 occinuit.
1208 956 1290 1034 Quo
1307 958 1417 1021 inatus

312 1062 453 1143 augurio
472 1060 601 1134 consui,
618 1058 786 1123 affirmans
807 1077 978 1141 uunquam
998 1058 1153 1122 hamanis
1173 1058 1275 1121 rebus
1296 1059 1416 1139 magis

311 1168 494 1247 praesentes
510 1161 696 1227 interfuisse
712 1162 818 1238 Deos,
834 1162 930 1243 signa
942 1179 1074 1237 cancre,
1086 1167 1122 1224 et
1137 1158 1321 1224 clamorem
1336 1156 1416 1223 tolli

307 1264 422 1347 jussit.

355 1364 411 1427 41.
433 1364 593 1429 Praelium
619 1365 835 1429 commissum
859 1369 968 1441 atrox,
998 1368 1145 1428 ceterum
1168 1362 1266 1443 longe
1292 1362 1414 1444 dispa-

313 1465 405 1530 ribus
420 1465 549 1529 animis.
594 1464 770 1530 Romanos
783 1467 846 1545 ira,
860 1485 951 1548 spes,
968 1465 1066 1530 ardor
1075 1463 1277 1541 certaminis,
1290 1463 1417 1527 avidos

313 1562 457 1629 hostium
481 1566 653 1647 sanguinis
672 1568 707 1630 in
729 1568 881 1650 praelium
900 1567 1010 1650 rapit:
1033 1563 1230 1631 Samnitium
1250 1584 1416 1646 magnam

313 1670 442 1747 partem
463 1667 649 1730 necessitas
671 1686 711 1731 ac
727 1668 843 1749 religio
858 1669 983 1731 invitos
996 1667 1103 1748 magis
1117 1666 1280 1740 resistere,
1306 1684 1416 1747 qnam

314 1763 432 1827 inferre
444 1784 599 1847 pugnam,
614 1768 718 1848 cogit.
743 1766 822 1851 Nec
833 1770 1067 1832 sustinuissent
1077 1767 1218 1849 pmmum
1230 1766 1416 1829 clamorem

316 1868 417 1946 atque
431 1865 591 1948 impetum
606 1865 847 1945 Romanorum,
870 1854 928 1950 p'er
951 1868 1081 1950 aliquot
1096 1867 1169 1950 jam
1193 1884 1299 1928 annos
1320 1867 1417 1929 vinci

316 1966 452 2042 assueti,
480 1968 512 2029 ui
540 1969 705 2049 potentior
732 1968 819 2032 alius
849 1976 958 2031 metus
981 1967 1130 2055 insidens
1163 1967 1365 2049 pectoribus
1393 1985 1416 2027 a

316 2062 398 2146 iuga
420 2066 584 2131 retineret.
628 2066 764 2150 Quippe
788 2068 822 2130 in
848 2068 955 2131 oculis
977 2074 1048 2131 erat
1070 2068 1179 2130 omnis
1199 2067 1258 2132 ute
1282 2067 1416 2131 occulti

318 2164 479 2245 peratus⁸
504 2166 614 2241 seem*
639 2176 673 2231 et
699 2168 814 2231 armati
840 2167 1063 2242 sacerdotes,⁹
1088 2171 1122 2229 et
1141 2167 1332 2248 promiscua
1352 2166 1417 2229 ho·

318 2264 443 2327 minum
459 2266 693 2350 pecudumque
708 2272 848 2349 strages,
864 2276 901 2331 et
913 2286 1077 2351 respersae
1089 2267 1188 2330 sendo
1200 2266 1415 2350 nefandoque

319 2366 500 2445 sanguiney
522 2386 602 2444 aree,
625 2379 660 2433 et
673 2368 745 2432 dire
767 2368 950 2445 execratio,
973 2386 1015 2432 ac
1037 2368 1156 2433 sumata
1178 2377 1338 2445 carmeu,²
1360 2369 1417 2430 de·

320 2464 482 2529 testendre
513 2467 650 2534 familiae
680 2468 844 2552 stirpique
879 2470 1114 2552 compositum.
1171 2470 1239 2533 His
1270 2468 1414 2533 vincatis

319 2564 409 2643 fugae
440 2568 591 2631 obstricti
618 2570 774 2648 stabant*
795 2570 903 2633 civem
932 2570 1050 2652 magis,
1079 2589 1180 2653 quarn
1205 2570 1352 2645 hostem,
1375 2572 1416 2633 a·

320 2670 455 2726 mentes.
498 2666 628 2731 Instare
649 2668 826 2733 Romanas
841 2688 862 2733 a
875 2689 981 2735 cornu
995 2678 1144 2755 utroque,
1163 2692 1185 2735 a
1200 2672 1312 2735 medie
1328 2672 1414 2739 acie,

322 2769 359 2827 et
372 2761 500 2828 caedere
521 2765 670 2831 Deorum
696 2767 930 2853 hominumque
952 2773 1108 2837 attonitos
1132 2769 1234 2837 metu.
1278 2771 1416 2855 Rapng-
1512 2760 1518 2769 ’

321 2870 422 2927 natur
431 2866 583 2947 segniter,
597 2876 635 2933 ut
648 2869 691 2933 ab
705 2869 760 2944 iis,
775 2888 863 2952 qnos
878 2870 975 2936 timer
987 2877 1170 2938 moraretur
1180 2892 1201 2937 a
1212 2874 1302 2955 suga.
1335 2870 1416 2937 Jam

355 3008 364 3040 ¹
379 3008 517 3072 Apparatus
525 3012 638 3076 rom'fiaii
647 3014 735 3063 octaua
745 3014 866 3064 maana.

356 3070 368 3106 ὓ
387 3074 519 3124 Gomrirti
526 3076 565 3125 ao
574 3076 651 3139 retur,
661 3092 714 3140 paoe
723 3078 789 3127 aetat
798 3080 979 3141 mmsagast
986 3082 1147 3144 puniebat.

779 3218 961 3241 utrumme

359 3278 528 3345 summm
539 3282 799 3339 cudd.nonnutli.-9
815 3288 914 3336 ‘Forte
929 3289 1086 3347 marianas,
1105 3297 1134 3338 ut
1151 3303 1175 3339 c.
1191 3294 1233 3339 88·
1250 3290 1300 3341 nisi
1317 3292 1354 3341 ibi
1367 3293 1418 3355 teg.

820 3398 929 3449 NOTAE

325 3480 442 3533 millium.
482 3486 520 3535 At
539 3502 588 3551 ego
612 3497 722 3556 utruque
749 3493 853 3542 nornine
892 3494 1206 3561 huncputiarinrnaruis,
1222 3514 1274 3549 uon
1293 3499 1327 3550 ab
1341 3500 1420 3549 hosti·

327 3557 460 3607 universae
471 3558 580 3611 iudicari
595 3564 746 3616 Samnitium
763 3570 853 3633 copias
893 3568 951 3634 true,
969 3570 1135 3621 interfectum
1152 3570 1242 3634 fuisse,
1260 3582 1288 3623 ct
1303 3588 1353 3624 non
1365 3576 1420 3624 rinc

328 3632 450 3682 arbitrer.
494 3634 560 3685 Nam
584 3652 631 3688 nac
658 3642 768 3691 linteata
786 3643 855 3707 tegio
893 3659 971 3694 mnas
992 3644 1096 3694 ridetur
1117 3646 1259 3711 imperasse
1277 3657 1339 3699 anta
1354 3665 1420 3714 pra·

327 3708 430 3759 inermia
442 3715 514 3771 erat3
532 3724 580 3761 uec
591 3712 656 3762 atius
666 3718 797 3766 exercitus
808 3732 854 3781 ap·
895 3720 955 3769 tium
966 3720 1161 3771 centurionibus
1174 3723 1304 3787 Papirius,
1320 3734 1347 3775 ut
1364 3728 1420 3789 put·

327 3794 423 3849 paretu
451 3786 539 3850 dispar
565 3786 680 3838 linteata
705 3789 809 3853 legioni,
825 3800 855 3841 ut
894 3793 971 3844 iarios
999 3796 1069 3845 inter
1096 3796 1178 3860 prima
1202 3798 1276 3862 rigua
1298 3804 1420 3853 eonstitu-

327 3861 428 3911 Auctor
446 3862 503 3925 ipsa
526 3868 635 3912 tentatur
657 3869 774 3913 extremo
796 3879 855 3930 cap.
896 3879 980 3923 erent.
1028 3884 1036 3898 ‘

328 3940 369 3986 88.
926 3951 938 3987 1
955 3943 1038 3996 Fando
1048 3944 1193 4011 ιιόωιὼῃι
1207 3952 1335 4016 maiae]
1352 3953 1420 4003 tuui-

359 4018 372 4043 ¹
390 4010 647 4079 Emirrotemerrpt'lo]
663 4012 740 4066 Forte
756 4018 856 4069 nonita
895 4025 939 4067 cat
958 4018 1043 4068 insum
1065 4022 1271 4088 permixtumque
1295 4040 1418 4089 cruorem,

330 4085 492 4141 temeraret
500 4086 573 4149 justu
584 4088 666 4151 ipsius
676 4090 855 4155 imperatoris;
895 4092 956 4142 triac
969 4095 1140 4157 victimarum,
1154 4096 1215 4147 inde
1225 4096 1355 4150 hominnm
1370 4117 1420 4153 ca·

250 4154 252 4165 '
330 4171 388 4206 nam
416 4160 494 4221 pilum
523 4164 654 4225 preprium
682 4164 856 4217 Romanorum
895 4181 991 4217 rorum.

331 4230 410 4283 tetum
429 4240 504 4295 erat5
523 4239 551 4283 ut
567 4246 693 4302 appareat
704 4240 856 4293 mendacem
928 4242 1052 4294 ²Fariatr
1062 4242 1169 4308 aaran]
1195 4244 1238 4298 De
1250 4263 1368 4315 quacap.
1379 4253 1419 4305 88.
