3150 4942
584 442 660 492 ure.
683 442 723 493 x.
747 444 829 493 cnr.
850 430 884 493 7.
1196 426 1283 494 ren

187 586 269 671 quia
278 586 320 651 de
329 586 428 669 plebe
437 586 676 668 allegeeamur,
685 586 785 670 juxta
794 605 947 651 eemrem
956 604 1043 668 nge
1052 586 1283 670 pamiPutree,

188 706 288 771 quam
305 707 381 751 cum
397 688 609 751 consulatum
633 688 763 769 vulgari
786 685 959 762 viderent!
997 688 1218 763 Simulabuat,
1239 690 1286 752 ad

190 789 283 853 Deoa
297 789 333 853 id
349 790 466 869 magis,
480 808 582 871 qoam
603 789 645 853 ad
670 810 722 865 ee,
745 791 924 872 pertinere:
955 790 1049 873 ipseo
1074 789 1223 865 visuros,
1244 808 1286 853 ue

189 908 283 953 sacra
299 908 363 953 aua
378 889 581 971 polluantur.
628 890 667 953 ld
681 910 718 955 re
734 898 849 973 optare
864 896 1005 966 tautum,
1020 905 1062 951 ue
1083 906 1154 971 qua
1166 890 1201 951 irr
1215 904 1287 952 rem

188 989 356 1070 publicem
383 990 498 1054 clades
517 991 637 1053 veniat.
682 990 799 1054 Minue
817 998 931 1054 eutem
952 989 1134 1066 tetendero,
1157 991 1287 1053 aeaueti

184 1090 255 1171 jam
273 1092 332 1153 tali
344 1110 461 1171 genere
476 1092 693 1155 certaminum
718 1091 818 1155 vinci.
862 1091 907 1153 Et
924 1092 1116 1167 cernebant,
1130 1090 1288 1154 adversa·

190 1190 259 1253 rios
274 1209 341 1255 nou
356 1192 401 1267 id,
417 1192 507 1275 quod
524 1192 604 1255 olim
619 1192 676 1255 vix
693 1192 911 1274 speraverint,
933 1189 1133 1255 affectantes
1146 1207 1288 1271 magnae

189 1289 343 1369 honores,
358 1291 417 1355 sed
434 1293 547 1355 omnia
558 1292 642 1374 jam,
665 1293 700 1355 iu
715 1310 852 1375 quorum
872 1310 968 1373 opem
983 1290 1116 1354 dubiam
1130 1297 1203 1354 arat
1217 1305 1290 1355 eord

191 1398 312 1467 tutum,
326 1398 476 1455 tamen¹¹
500 1392 654 1475 adeptor,
676 1393 879 1475 multiplices
902 1390 1096 1456 consulatue
1114 1408 1289 1456 censuras·
1315 1378 1325 1397 ⁶

184 1510 256 1575 ‚que
267 1498 300 1555 et
314 1493 528 1575 triumphos!

225 1594 258 1657 7.
281 1592 447 1658 Certatum
462 1601 574 1657 tamea
597 1592 769 1657 suadenda
788 1592 1084 1676 dissuadendaque
1104 1592 1181 1675 lego
1205 1594 1289 1657 inter

192 1692 260 1777 Ap.
276 1693 451 1757 Claudium
476 1697 621 1759 maxime
636 1694 743 1758 ierunt
757 1702 794 1757 et
813 1696 900 1759 iuter
918 1694 960 1758 P.
983 1694 1126 1758 Decium
1146 1692 1290 1758 morem.

193 1793 356 1871 Quicum
371 1796 486 1857 eadem
500 1796 601 1859 ferme
621 1795 663 1859 de
675 1795 751 1878 jure
765 1796 905 1859 Petrum
920 1814 961 1859 ae
981 1796 1100 1877 plebis,
1117 1812 1202 1877 uum
1228 1812 1290 1876 pro

193 1895 267 1975 lege
292 1892 446 1959 Liciniah
468 1894 634 1977 quondam
656 1902 840 1977 contraque
865 1914 941 1959 eam
967 1894 1058 1958 dieta
1081 1902 1186 1970 arunt,
1211 1909 1291 1959 curu

192 1996 334 2077 plebeiis
350 1996 543 2059 consulatue
564 1992 767 2076 rogabatur!
789 1993 1047 2074 disseruisseut3
1068 1994 1224 2058 retollere
1240 1993 1292 2057 dt·

195 2098 281 2161 citur
292 2096 423 2160 Decius
440 2096 588 2178 parentis
598 2096 651 2159 sui
660 2096 819 2178 speciem,
831 2096 963 2179 qualem
978 2114 1054 2158 eum
1068 2094 1175 2170 multi,
1189 2094 1291 2177 quiin

195 2197 356 2261 concione
376 2203 478 2271 erant,
502 2195 670 2273 viderant,
695 2197 876 2260 incinctum
900 2195 1036 2259 Gabino
1059 2196 1164 2270 cultu,
1192 2212 1293 2276 super

195 2296 298 2361 telum
321 2302 477 2371 stantem,
500 2315 569 2379 quo
591 2316 627 2359 se
652 2296 768 2360 habitu
793 2314 855 2379 pro
881 2296 1074 2378 populeae
1103 2294 1293 2375 legionibus

196 2396 398 2462 Romanie¹²
426 2396 636 2462 devovisset:
666 2398 778 2461 ‘Tum
804 2397 844 2460 Ρ.
869 2397 1012 2461 Decium
1037 2394 1205 2459 ooueulem
1231 2409 1291 2476 pu·

197 2514 270 2560 rum
299 2497 457 2580 piumque
477 2496 563 2560 Deis
586 2497 832 2563 immortalibus
854 2492 985 2572 visum,¹
1019 2514 1117 2577 aeque
1143 2514 1184 2559 oc
1207 2496 1237 2559 ei
1247 2492 1293 2557 Τ.

199 2596 347 2662 Manlius
372 2599 504 2680 collega
523 2597 596 2681 ejus
617 2598 849 2663 devoveretur.
892 2596 1045 2661 Eundem
1070 2597 1110 2659 P.
1141 2596 1294 2673 Decium,

198 2700 256 2783 qui
272 2714 369 2763 secra
383 2699 524 2780 publica
539 2699 658 2781 populi
674 2697 821 2763 Romani
841 2699 978 2775 iaceret,
998 2698 1063 2779 legi
1076 2699 1139 2760 rite
1152 2716 1218 2761 nou
1232 2715 1294 2780 po·

200 2800 327 2864 tuisael
352 2798 392 2864 ld
408 2817 483 2863 esse
499 2795 696 2881 periculum,
711 2820 754 2863 ue
774 2810 854 2863 suae
870 2818 987 2882 preces
1011 2800 1123 2861 miuus
1139 2797 1295 2861 audirent

199 2900 270 2981 Dii,
284 2922 385 2985 quam
398 2901 466 2983 Ap.
482 2900 616 2965 Claudii
630 2902 645 2963 ‘t
669 2899 808 2965 Gastiue
822 2892 899 2965 eum
913 2918 1012 2963 auore
1026 2899 1157 2980 privata
1171 2899 1295 2974 iacere,

200 3009 234 3067 et
254 3003 445 3085 religiosius
467 3002 560 3065 Deos
579 3000 699 3078 colere,
715 3020 816 3084 quam
830 3001 895 3063 sel
929 2998 1042 3076 Quem
1058 2998 1223 3081 poenitere
1238 3015 1299 3062 vo·

229 3182 246 3227 Ι
259 3186 320 3233 Cum
330 3188 451 3234 cernerent
462 3184 605 3245 dignitatem
616 3184 760 3233 consulerem
770 3180 937 3231 commeent
946 3196 999 3231 eum
1008 3182 1088 3240 vulgo.

231 3256 245 3291 ¹
265 3248 425 3310 Videbuntque
442 3248 542 3311 plebeiae
559 3262 605 3294 nen
625 3249 699 3295 celum
717 3246 742 3294 id
761 3252 890 3309 ascentor,
900 3248 961 3309 qued
973 3246 1003 3294 ul
1013 3244 1085 3293 initio
1095 3258 1148 3293 unt
1158 3244 1190 3291 ed
1200 3240 1300 3301 nrcjerer

188 3312 334 3374 ,dignitates
351 3313 494 3375 aspirarent,
505 3324 600 3374 operere
610 3310 653 3359 cin
667 3310 719 3358 ouri
730 3310 839 3370 sumunt,
856 3312 897 3358 ud
915 3311 1009 3357 tendent
1026 3310 1117 3356 cunctis
1127 3306 1196 3356 retae
1213 3306 1301 3368 potitor

201 3378 230 3425 de
236 3376 325 3471 futtuo
334 3376 398 3425 later
407 3380 531 3438 utrum
541 3376 646 3423 ordinent
657 3379 867 3437 quantumcunque
875 3374 986 3433 entim
995 3384 1036 3435 ape
1045 3376 1161 3421 certatam
1173 3370 1268 3430 Μαι.

266 3442 327 3489 Cum
338 3438 505 3499 lraesmlctur
515 3441 545 3489 dc
553 3439 674 3487 mauu
683 3437 779 3501 plebeiis
787 3438 956 3501 permittendo.

204 3716 237 3763 lo
256 3710 297 3761 ll.
321 3708 536 3761 Romamn-ll
561 3708 687 3773 Deeriug.
709 3709 804 3759 tandem
824 3708 893 3772 ceuj.
914 3722 961 3772 pre
979 3716 1067 3769 temen,
1086 3707 1146 3771 quie
1164 3708 1213 3757 lroc
1232 3688 1304 3755 lm'tio

207 3792 265 3844 cap.
278 3788 331 3841 aeq.
345 3776 477 3841 repetitur.

699 3868 807 3920 NO'l'AE

239 3972 319 4022 lliro
341 3973 392 4031 lage
414 3966 522 4030 Licinio]
539 3968 593 4017 hex
616 3974 657 4016 eet
677 3966 732 4017 enit
774 3959 1305 4026 etun11tenmmnurrmeepunra·

210 4048 303 4100 licinii
314 4045 426 4096 Stoloni·
438 4044 472 4092 de
490 4057 540 4093 uno
559 4044 665 4091 consule
681 4044 735 4104 ple·
775 4042 827 4089 tneo
836 4052 893 4087 earu
905 4038 983 4087 Decii
994 4036 1088 4097 plebeil
1103 4036 1216 4085 coenolio
1225 4035 1305 4085 devo·

210 4125 280 4179 bein,
292 4122 325 4171 de
337 4135 388 4184 que
399 4118 444 4168 lib.
456 4132 495 4167 vr.
513 4132 537 4167 c.
548 4122 589 4168 tl.
598 4121 639 4167 tt.
650 4121 691 4165 aa.
708 4122 736 4164 et
776 4116 977 4175 tionem-qoem
993 4110 1082 4161 lotura
1097 4108 1194 4159 ‘irruat
1213 4109 1306 4161 Manlii

210 4199 284 4248 duob.
295 4212 368 4260 seqq.
777 4189 888 4238 comati·
901 4186 1014 4250 patricii.

244 4272 251 4306 ¹
267 4272 360 4321 Petunt
367 4270 478 4335 piumque
489 4268 550 4318 Deir
566 4264 741 4343 immortalitas·
