3150 4942
567 424 639 472 nrn.
664 423 714 474 vr.
737 425 819 473 cnr.
841 411 894 474 14.
1212 413 1278 478 949

185 576 262 633 ante
280 571 413 630 noctem
426 565 501 631 finis
515 563 594 633 fuit:
616 575 718 650 capta
733 587 871 653 qnoque
885 589 925 635 ac
940 571 1072 654 direpta
1084 573 1204 638 eodem
1220 574 1276 639 die

184 675 299 732 castra
314 666 523 744 Volscomm,
538 668 720 752 praedeque
732 672 852 746 omnis,
867 677 987 752 preater
1005 670 1275 755 liberacorpore,

183 769 281 833 militi
303 787 465 832 concessa
486 775 549 856 cst.
593 770 678 833 Pars
699 771 849 834 maxima
863 774 1069 854 captivorum
1083 791 1129 835 ex
1144 772 1276 838 Latinis

184 878 285 953 atque
295 869 454 933 Hernicis
467 869 547 934 suit:
570 889 632 934 nec
642 869 810 934 hominum
823 871 865 934 de
877 873 986 954 plebe,
997 879 1036 935 ut
1050 872 1142 936 credi
1155 881 1276 955 posset

137 1011 143 1023 ·
183 969 338 1034 mercede
353 971 527 1047 militasse,
540 970 600 1035 sed
616 971 786 1053 principes
798 971 933 1054 qnidam
939 972 1123 1054 juventutis
1133 973 1276 1053 inventi3

64 1123 69 1132 .
181 1071 361 1136 manifesta
376 1069 472 1147 fides,
485 1072 621 1153 publice
632 1090 702 1152 cpe
717 1070 863 1135 Volscos
877 1072 990 1136 hostes
1002 1071 1163 1153 adjutoss
1204 1072 1276 1137 Cir-

184 1173 362 1236 ceiensium
375 1191 511 1255 quoque
526 1172 659 1253 quidam
671 1173 808 1253 cogniti,
820 1179 856 1235 et
871 1173 981 1236 coloni
993 1189 1015 1236 a
1025 1171 1182 1236 Velitris:
1206 1172 1277 1237 Ro·

182 1263 334 1354 mamque
353 1289 470 1335 omnes
492 1271 588 1335 missi
606 1273 897 1354 percunctantibus
919 1272 1118 1354 primoribus
1138 1271 1282 1348 Patmm',

182 1373 308 1447 eadem,
320 1391 395 1454 quae
412 1372 576 1448 dictatori,
587 1371 809 1438 deiectionem
826 1375 880 1437 sni
895 1373 1038 1456 quisque
1049 1372 1178 1455 populi,
1189 1373 1277 1438 haud

184 1473 346 1556 perplexe
361 1472 560 1536 iudicavere.
634 1509 637 1516 ,
1281 1537 1284 1543 ,

227 1575 282 1637 14.
305 1574 462 1638 Dictator
483 1573 666 1637 exereitum
687 1575 721 1636 in
745 1574 879 1638 statiuis
899 1574 1045 1649 tenebat,
1067 1575 1202 1639 minime
1217 1575 1276 1642 du·
1310 1558 1313 1567 ¹

183 1675 272 1750 bins,
297 1674 421 1737 bollum
436 1691 509 1737 cum
524 1673 577 1736 his
591 1673 728 1756 populis
743 1674 867 1737 Patres
878 1673 1057 1756 iussuros3
1078 1694 1154 1738 cum
1169 1677 1277 1759 major

183 1776 273 1840 domi
296 1781 414 1839 exorta
427 1773 533 1838 moles
547 1770 658 1855 coligit
673 1775 774 1837 acciri
798 1772 943 1838 Romam
959 1791 1046 1851 enm,
1068 1774 1226 1856 gliscente
1240 1775 1277 1840 in'

183 1876 257 1940 dies
277 1865 452 1951 seditione,
476 1893 577 1956 quam
592 1874 691 1938 solito
717 1876 824 1955 magis
850 1875 1060 1940 metuendam
1083 1883 1202 1939 auctor
1226 1877 1275 1940 fa-

183 1977 302 2040 ciebat.
347 1973 429 2037 Non
452 1975 540 2038 enim
557 1974 628 2056 jam
652 1973 821 2038 orationes
845 1975 945 2039 modo
976 1974 1026 2036 M.
1052 1974 1184 2052 Manlii,
1215 1975 1276 2039 sed

182 2077 284 2151 lacta,
301 2074 476 2158 popularia
491 2076 526 2138 iu
542 2076 700 2157 speciem,
716 2074 925 2136 tumultuosa
939 2075 1069 2150 eadem,
1086 2093 1152 2157 qun
1166 2081 1275 2138 mente

182 2179 309 2252 fierent,
334 2176 492 2240 intuenda
505 2182 531 2213 ¹²
554 2170 671 2238 eraut.‘¹
715 2173 965 2250 Centurionem,
986 2173 1130 2236 nobilem
1152 2173 1276 2236 milite·

182 2277 274 2340 ribus
287 2275 397 2351 sectis,
413 2274 601 2356 judicatum
616 2274 792 2355 pecuniae⁰
814 2291 891 2346 cnm
907 2272 985 2335 duci
998 2271 1150 2348 vidisset,
1165 2271 1276 2336 medio

181 2375 254 2440 foro
270 2393 345 2439 cum
362 2379 497 2437 caterva
511 2392 572 2437 sua
587 2373 740 2450 accurrit,
757 2377 792 2434 et
807 2391 937 2436 manum
953 2371 1092 2454 injecit:
1115 2371 1276 2434 vocifera·

105 2519 107 2524 -
183 2484 306 2559 tueque
322 2475 364 2540 de
380 2475 536 2556 superbie
549 2473 699 2548 Petrum,
714 2491 754 2535 ac
772 2471 967 2535 crudelitate
982 2471 1228 2547 foeneratorum,
1243 2476 1277 2534 et

181 2576 325 2641 miseriis
346 2575 468 2657 plebis,
485 2573 664 2638 virtutibus
678 2573 752 2654 ejus
767 2573 829 2634 viri
848 2571 1053 2654 fortunaque,
1069 2570 1179 2634 ‘Tum
1195 2589 1275 2634 vero

183 2675 267 2759 ego,’
289 2676 407 2758 inquit,
421 2680 431 2711 ‘
446 2675 670 2757 nequicquam
692 2673 756 2737 hac
778 2671 899 2734 dextra
922 2670 1129 2753 Capitolium
1152 2688 1276 2733 arcem·

181 2797 246 2859 que
258 2775 472 2851 servaverim,
486 2776 517 2838 si
532 2775 637 2838 civem
648 2757 972 2852 commilitonemque
983 2791 1102 2847 meum,
1117 2782 1275 2855 tauquam

181 2877 296 2943 Gallis
306 2883 329 2924 ¹³
351 2877 533 2941 victoribus
548 2883 695 2956 captum,
719 2874 752 2936 iu
766 2872 958 2936 servitutem
971 2889 1013 2935 ac
1026 2870 1162 2934 vincula
1176 2866 1275 2933 duci‘

210 3063 224 3099 Ι
246 3057 315 3106 Unde
331 3055 477 3118 perspiciam
492 3054 606 3104 indicium
617 3054 712 3112 suctim
729 3051 827 3106 Volscis,
841 3051 1001 3099 &munem
1019 3047 1131 3112 tectim
1149 3063 1165 3096 n
1181 3045 1277 3095 latinio

185 3119 341 3182 Hernicisque
349 3119 443 3180 patino
454 3119 596 3168 anctoritate
605 3117 722 3167 eumen
732 3118 806 3164 hiram
816 3129 872 3163 me.

183 3331 214 3379 tt
225 3327 489 3379 scribendmuneti.
499 3325 740 3378 florentinum&
752 3325 828 3385 bene,
835 3321 1096 3385 judieestroth.-tt
1106 3320 1158 3370 nti.
1166 3320 1277 3382 «Genu.

674 3435 781 3487 NO'l'AE

222 3536 235 3570 ⁴
261 3531 377 3588 intuendo
397 3535 479 3598 aaut]
501 3537 609 3586 Fatetur
630 3533 710 3582 Grou.
752 3545 811 3596 quse
824 3537 980 3580 moveretur.

180 3613 218 3663 tic
236 3613 361 3675 scripturn
381 3627 438 3662 este
457 3611 611 3661 inomnibun
631 3609 710 3658 libne.
782 3606 949 3654 ‘statana
966 3596 1090 3666 pecuioeJ
1112 3600 1225 3650 Pecunia
1235 3599 1278 3658 ju·

181 3687 332 3749 Legendnm
349 3694 437 3736 tarnen
468 3693 568 3748 censet,
589 3683 711 3734 intuenti:
750 3679 851 3735 dumus.
862 3687 903 3728 est
915 3679 1051 3727 damnatus
1068 3682 1142 3724 certa
1157 3674 1277 3736 pecunie,

180 3768 258 3825 atque
275 3761 313 3810 itu
330 3760 531 3822 interpretatur:
548 3759 640 3808 Manlii
659 3751 709 3806 nou
751 3755 839 3818 qnulet
861 3767 876 3801 ι
894 3759 1009 3816 pretore
1029 3748 1151 3800 creditori
1174 3745 1279 3796 addice·

179 3835 257 3884 medo
268 3835 410 3897 erutiones,
428 3835 474 3884 ted
494 3835 572 3886 etiam
591 3835 708 3883 actiones
750 3829 845 3878 buntur
853 3842 887 3876 ex
903 3828 960 3890 lege
972 3825 1109 3874 duedecim
1122 3823 1276 3887 tabularum,

179 3909 259 3959 icisse
279 3910 361 3972 prime
379 3908 475 3960 fronte
488 3911 643 3974 popularet:
662 3908 707 3957 sed
749 3905 799 3952 ulti
810 3905 879 3969 iutra
888 3901 943 3950 dies
956 3900 1062 3962 triginta
1074 3897 1213 3946 solverent.

178 3981 352 4034 consideranti
364 3998 415 4047 qno
427 3984 709 4046 eonsiliertiereutmm·
782 3977 836 4027 'lu
847 3973 1127 4025 ”montemacutum
1136 3971 1202 4034 doci]
1234 3970 1277 4020 ot

180 4059 240 4108 uino
252 4057 389 4108 seditiosas
401 4057 491 4108 iniere.
516 4060 552 4108 At
566 4059 709 4108 Liviimens
751 4068 786 4102 as
810 4054 920 4101 alienum
939 4048 1061 4098 creditori
1080 4046 1207 4107 addictus,
1228 4044 1278 4092 nini

180 4143 228 4195 eet,
240 4132 363 4184 dictatori
375 4133 432 4182 lrrec
444 4133 524 4182 fuisse
537 4127 709 4196 inspicienda,
750 4137 846 4192 paetus
865 4134 945 4180 estet,
963 4124 1108 4173 hebebatur
1126 4122 1151 4171 in
1172 4121 1279 4170 uinculis

178 4214 209 4258 ut
231 4221 326 4272 uernpe
343 4208 447 4282 pbvinm
464 4209 515 4259 iret
540 4207 662 4259 seditioni
683 4205 709 4270 ¹ni
749 4205 806 4254 dier
825 4203 970 4265 sexaginta,
987 4197 1022 4249 Α.
1043 4199 1129 4249 Gellio
1156 4204 1279 4264 anctore-z
