3150 4942
294 400 381 467 1360
769 412 804 459 r.
828 410 925 461 nrvrr

294 560 393 625 modo
408 564 507 623 extra
520 555 645 623 vallum
661 555 807 635 ademto,
821 556 882 621 sed
896 554 1088 639 propinquo
1102 554 1203 619 etiam
1218 553 1400 635 congredi-

293 661 418 725 entium
438 660 525 723 inter
546 676 583 723 se
597 664 810 743 conspeetu*¹
853 657 935 723 Hac
949 656 1041 723 veint
1054 656 1186 721 latebra
1198 656 1403 720 insidiam

292 764 367 827 ireii
382 762 563 832 Samnites,
578 760 718 825 vixdum
734 760 820 825 satis
833 766 924 825 certa
938 758 1025 835 lnoe,
1041 766 1077 822 et
1090 776 1167 821 earu
1187 758 1298 841 ipsam
1321 776 1404 838 pre-

292 870 400 929 mente
423 864 581 945 caligine,
601 862 645 927 ad
668 864 845 927 stationem
864 861 1053 925 Romanam
1074 860 1108 925 in
1130 866 1229 941 porta
1251 858 1405 940 segniter

294 976 447 1049 agentem
476 965 607 1047 vigiliae
637 964 845 1047 perveniunt.
904 962 1096 1045 improviso
1124 959 1303 1043 oppressis
1330 976 1403 1023 nec

294 1071 395 1135 animi
418 1070 503 1135 setis
529 1067 573 1133 nd
598 1068 833 1144 resistendum,
857 1088 919 1132 neo
944 1067 1063 1131 virium
1087 1065 1164 1131 init.
1216 1063 1274 1127 Au
1299 1068 1401 1145 tergo

294 1180 480 1237 castorem
498 1172 687 1237 decumana
700 1176 821 1253 porta⁰
841 1171 986 1252 impetus
1000 1168 1124 1232 iactus.
1170 1168 1294 1249 ltaqne
1316 1184 1400 1248 enp-

294 1278 364 1337 tnm
386 1274 642 1355 quaestoriumt
663 1278 876 1355 quaestorque
896 1270 945 1335 ibi
967 1270 1008 1334 11.
1022 1270 1178 1352 Opimius
1200 1266 1316 1331 Pansa
1337 1286 1397 1331 oo·

296 1374 401 1440 nisus.
445 1374 696 1441 conclamatum
713 1373 793 1437 inde
807 1374 852 1438 ad
867 1390 971 1439 arma.

301 1506 305 1513 ·
336 1475 390 1541 33.
421 1475 560 1553 consui,
587 1478 732 1542 tumultu
756 1479 901 1553 exutus,
926 1474 1078 1541 cohones
1101 1472 1188 1537 dues
1213 1474 1399 1547 soniornnr,

297 1578 467 1643 Lucanam
483 1578 762 1662 Suessanamque,
787 1598 865 1662 qnae
885 1578 1050 1661 proxima
1072 1576 1159 1639 forte
1181 1580 1288 1649 erant,
1309 1572 1399 1639 tueri

294 1679 489 1761 pretorium
507 1679 626 1763 jubet:
649 1681 841 1763 manipnlos
856 1660 1026 1763 legionum
1047 1675 1322 1759 principativis?
1344 1674 1399 1736 in·

295 1779 397 1843 duait.
441 1778 592 1845 Vixdum
619 1782 702 1845 setis
726 1781 853 1864 aptatis
879 1780 992 1858 armis,
1017 1780 1053 1843 in
1079 1773 1215 1843 ordines
1236 1782 1341 1839 enntz
1360 1778 1397 1837 et

294 1878 441 1945 elamore
457 1882 576 1965 magis,
587 1902 689 1967 quam
706 1884 824 1959 oculis,
838 1884 968 1947 hostem
982 1884 1144 1945 noscunt:
1160 1896 1236 1957 neo,
1246 1884 1397 1959 quantas

294 2000 451 2048 numerus
467 1984 522 2063 sit,
538 1985 699 2050 aestimari
715 1990 838 2068 potest.
883 1983 1017 2049 Cedunt
1030 1983 1139 2064 primo
1158 1980 1275 2043 inoerti
1289 1978 1397 2041 fortn-

294 2104 347 2149 nae
361 2104 444 2165 snae,
467 2096 503 2153 et
524 2088 652 2152 hostem
678 2090 856 2152 introrsum
880 2088 914 2150 iu
938 2086 1050 2151 media
1071 2090 1188 2149 castre
1210 2082 1396 2164 accipiant.

295 2185 381 2251 Inde
397 2208 474 2255 oum
499 2189 618 2254 consul
634 2189 886 2265 vociferaretur,
909 2187 1108 2271 ‘expulsine
1133 2192 1233 2249 extra
1256 2182 1395 2259 vallum,

295 2293 407 2351 nestra
422 2288 542 2353 deinde
565 2309 628 2354 sua
652 2290 878 2373 oppugnaturi
891 2290 1027 2365 essent,’
1049 2288 1223 2368 rogitans3
1245 2283 1396 2349 oinmore

293 2388 431 2453 sublato
453 2392 583 2455 nonnisi
605 2390 714 2473 primo
741 2391 922 2455 resistunt:
949 2390 1068 2455 deinde
1093 2386 1236 2453 inserunt
1257 2385 1393 2469 pedem,

294 2495 488 2572 urgentque,
503 2498 538 2553 et
552 2492 714 2575 impulsos
729 2492 834 2557 semel
848 2498 967 2557 terrore
981 2489 1099 2556 eodem
1113 2496 1227 2572 agnat,
1239 2506 1308 2571 qno
1321 2504 1394 2549 noe·

294 2597 422 2670 perant.
466 2588 647 2673 Expellunt
662 2598 756 2655 extra
773 2600 901 2675 portam
915 2592 1117 2675 vallumque.
1160 2589 1245 2654 Inde
1259 2606 1396 2671 pergere

294 2708 335 2753 ao
349 2691 504 2771 persequi
518 2687 616 2774 (quia
640 2693 773 2755 turbida
797 2694 857 2757 iux
872 2702 998 2758 metum
1021 2694 1114 2757 circa
1126 2680 1327 2755 insidiarum
1341 2688 1393 2752 ta·

293 2790 416 2869 ciebat)
433 2809 500 2857 non
515 2792 600 2867 ansi,
616 2792 765 2858 liberatis
780 2794 902 2859 casuis
914 2794 1074 2872 contenti,
1087 2796 1280 2875 receperant
1292 2810 1332 2854 se
1346 2790 1396 2853 io·

293 2898 344 2957 tra
354 2892 477 2957 vellum
488 2894 643 2959 treoentis
653 2893 755 2959 ferme
765 2895 913 2959 hostium
921 2895 1058 2959 oooisis.
1082 2893 1314 2957 Romanorum
1322 2897 1394 2955 sta·

293 2993 394 3057 tionis
415 2994 544 3078 primae,
565 2994 782 3080 vigilumque,
798 3007 972 3074 eteorum,
992 2994 1053 3080 qui
1067 2994 1159 3059 circa
1173 2993 1394 3077 quaestorium

293 3098 461 3181 oppressi,
477 3098 606 3181 periere
620 3099 664 3165 ad
679 3100 863 3165 ducentos³
879 3100 1021 3183 triginta.
1049 3098 1191 3163 Animos
1205 3096 1283 3163 inde
1294 3096 1393 3161 Sarn-

325 3280 333 3311 ¹
352 3278 487 3331 Tratorium
498 3279 632 3337 Quotam
640 3286 737 3345 septen
745 3286 791 3332 ert.

751 3408 934 3430 oum!

324 3506 339 3551 8
357 3504 397 3553 Ad
406 3506 567 3567 aprincato
578 3506 755 3573 Kreyssiginr.

790 3640 897 3693 Now

324 3730 821 3797 ¹8eapapaqroeriarcamrnatm
862 3738 1041 3789 rabennanti-
1074 3738 1153 3788 Nono
1175 3750 1228 3787 nor
1248 3737 1275 3786 in
1294 3734 1395 3790 fronte.

291 3809 356 3867 inter
365 3821 391 3857 rr
400 3805 536 3871 amir]
554 3806 657 3873 Repete
671 3812 772 3873 mmo,
782 3814 822 3863 ite
861 3815 907 3866 red
919 3816 946 3865 in
957 3823 1033 3879 tergo
1042 3820 1198 3876 mtrem,
1211 3820 1393 3879 etquenam

291 3890 320 3933 nt
331 3896 381 3935 neo
396 3898 411 3932 a
427 3885 573 3949 propinquo
591 3900 619 3935 re
637 3889 841 3961 conspicerent,
861 3892 895 3942 atr
915 3891 1042 3954 nauta,
1061 3896 1159 3956 proter
1179 3904 1288 3952 maen,
1308 3887 1393 3937 fuiss·

291 3962 479 4021 aoiioqnentrr.
861 3967 975 4019 ridetur.

324 4038 489 4086 viram-e
497 4036 578 4100 porta]
596 4038 822 4107 Praoipusportr
892 4042 1121 4107 rPrtaeipriiaia]
1139 4039 1392 4105 Visprineipsiirin

292 4120 433 4163 castrorum
445 4112 496 4161 init
513 4114 672 4180 Decnmrnr,
689 4117 716 4167 in
731 4119 822 4169 horter
862 4122 1075 4176 enutrierunt,
1091 4116 1392 4183 qnsiatrrprttorirrr

291 4188 443 4252 piarumque
456 4204 546 4250 versu
562 4189 595 4241 nd
607 4206 683 4257 quum
692 4198 824 4262 presteris,
862 4206 891 4250 et
915 4206 1062 4249 ceterorum
1084 4196 1179 4246 danna
1204 4195 1328 4257 tentorio,
1352 4197 1393 4243 ia·

291 4263 332 4313 rei
360 4265 481 4333 consutis,
507 4271 655 4335 questoris,
678 4270 822 4335 legatorum
863 4282 955 4342 terque
971 4272 1115 4339 proximam
1133 4271 1264 4334 reptem
1277 4272 1392 4322 metata·
