<?xml version="1.0" encoding="UTF-8"?>
<!DOCTYPE html PUBLIC "-//W3C//DTD XHTML 1.0 Transitional//EN"
    "http://www.w3.org/TR/xhtml1/DTD/xhtml1-transitional.dtd">
<html xmlns="http://www.w3.org/1999/xhtml" xml:lang="en" lang="en">
 <head>
  <title>
</title>
<meta http-equiv="Content-Type" content="text/html;charset=utf-8" />
  <meta name='ocr-system' content='tesseract 3.04.00' />
  <meta name='ocr-capabilities' content='ocr_page ocr_carea ocr_par ocr_line ocrx_word'/>
</head>
<body>
  <div class='ocr_page' id='page_1' title='image "./tliviipatavinih06rupegoog/tliviipatavinih06rupegoog_0103.png"; bbox 0 0 3150 4942; ppageno 0'>
   <div class='ocr_carea' id='block_1_1' title="bbox 572 391 1290 461">
    <p class='ocr_par' dir='ltr' id='par_1_1' title="bbox 572 391 1290 461">
     <span class='ocr_line' id='line_1_1' title="bbox 572 391 1290 461; baseline 0.006 -6"><span class='ocrx_word' id='word_1_1' title='bbox 572 403 643 456; x_wconf 78' lang='lat' dir='ltr'>ure.</span> <span class='ocrx_word' id='word_1_2' title='bbox 668 407 736 456; x_wconf 85' lang='lat' dir='ltr'>uu.</span> <span class='ocrx_word' id='word_1_3' title='bbox 760 409 843 459; x_wconf 80' lang='lat' dir='ltr'>osa.</span> <span class='ocrx_word' id='word_1_4' title='bbox 868 392 900 458; x_wconf 91' lang='lat'>1.</span> <span class='ocrx_word' id='word_1_5' title='bbox 1204 391 1290 461; x_wconf 77' lang='lat'>101⁷</span> 
     </span>
    </p>
   </div>
   <div class='ocr_carea' id='block_1_2' title="bbox 185 539 1340 1751">
    <p class='ocr_par' dir='ltr' id='par_1_2' title="bbox 185 539 1340 1751">
     <span class='ocr_line' id='line_1_2' title="bbox 191 539 1290 638; baseline 0.003 -22"><span class='ocrx_word' id='word_1_6' title='bbox 191 550 350 616; x_wconf 79' lang='lat' dir='ltr'>eonsules</span> <span class='ocrx_word' id='word_1_7' title='bbox 372 539 537 628; x_wconf 78' lang='lat' dir='ltr'>sedentes,</span> <span class='ocrx_word' id='word_1_8' title='bbox 555 551 713 617; x_wconf 74' lang='lat' dir='ltr'><strong>nobilitas</strong></span> <span class='ocrx_word' id='word_1_9' title='bbox 737 551 804 616; x_wconf 87' lang='lat' dir='ltr'>sibi</span> <span class='ocrx_word' id='word_1_10' title='bbox 817 551 1008 628; x_wconf 75' lang='lat' dir='ltr'>sumsisset,</span> <span class='ocrx_word' id='word_1_11' title='bbox 1023 557 1199 634; x_wconf 81' lang='lat' dir='ltr'>praeturem</span> <span class='ocrx_word' id='word_1_12' title='bbox 1214 555 1290 638; x_wconf 89' lang='lat' dir='ltr'>qui·</span> 
     </span>
     <span class='ocr_line' id='line_1_3' title="bbox 191 644 1290 740; baseline 0.005 -26"><span class='ocrx_word' id='word_1_13' title='bbox 191 651 268 716; x_wconf 87' lang='lat' dir='ltr'>dem</span> <span class='ocrx_word' id='word_1_14' title='bbox 283 653 384 738; x_wconf 86' lang='lat' dir='ltr'>otiam</span> <span class='ocrx_word' id='word_1_15' title='bbox 393 652 472 734; x_wconf 82' lang='lat' dir='ltr'>jura</span> <span class='ocrx_word' id='word_1_16' title='bbox 485 644 699 730; x_wconf 73' lang='lat' dir='ltr'>reddentem:</span> <span class='ocrx_word' id='word_1_17' title='bbox 719 659 753 718; x_wconf 89' lang='lat' dir='ltr'>et</span> <span class='ocrx_word' id='word_1_18' title='bbox 772 653 936 734; x_wconf 73' lang='lat' dir='ltr'>collegam</span> <span class='ocrx_word' id='word_1_19' title='bbox 952 651 1170 731; x_wconf 68' lang='lat' dir='ltr'>consulibus,f</span> <span class='ocrx_word' id='word_1_20' title='bbox 1189 661 1290 740; x_wconf 89' lang='lat' dir='ltr'>atquo</span> 
     </span>
     <span class='ocr_line' id='line_1_4' title="bbox 190 753 1288 839; baseline 0.005 -23"><span class='ocrx_word' id='word_1_21' title='bbox 190 753 306 818; x_wconf 85' lang='lat' dir='ltr'>iisdem</span> <span class='ocrx_word' id='word_1_22' title='bbox 322 755 482 836; x_wconf 76' lang='lat' dir='ltr'>auspiciis</span> <span class='ocrx_word' id='word_1_23' title='bbox 498 765 662 833; x_wconf 76' lang='lat' dir='ltr'>umatum,</span> <span class='ocrx_word' id='word_1_24' title='bbox 679 756 882 820; x_wconf 84' lang='lat' dir='ltr'>verecundia</span> <span class='ocrx_word' id='word_1_25' title='bbox 896 756 976 819; x_wconf 91' lang='lat' dir='ltr'>iude</span> <span class='ocrx_word' id='word_1_26' title='bbox 989 755 1149 839; x_wconf 80' lang='lat' dir='ltr'>imposita</span> <span class='ocrx_word' id='word_1_27' title='bbox 1164 765 1217 820; x_wconf 87' lang='lat' dir='ltr'>est</span> <span class='ocrx_word' id='word_1_28' title='bbox 1236 777 1288 822; x_wconf 88' lang='lat' dir='ltr'>se·</span> 
     </span>
     <span class='ocr_line' id='line_1_5' title="bbox 190 853 1289 937; baseline 0.006 -22"><span class='ocrx_word' id='word_1_29' title='bbox 190 854 307 918; x_wconf 77' lang='lat' dir='ltr'>uatui⁶</span> <span class='ocrx_word' id='word_1_30' title='bbox 327 874 369 918; x_wconf 81' lang='lat' dir='ltr'>ex</span> <span class='ocrx_word' id='word_1_31' title='bbox 386 853 546 918; x_wconf 83' lang='lat' dir='ltr'>Patribus</span> <span class='ocrx_word' id='word_1_32' title='bbox 558 854 700 936; x_wconf 85' lang='lat' dir='ltr'>jubendi</span> <span class='ocrx_word' id='word_1_33' title='bbox 719 855 837 919; x_wconf 76' lang='lat' dir='ltr'>aediles</span> <span class='ocrx_word' id='word_1_34' title='bbox 854 856 984 920; x_wconf 88' lang='lat' dir='ltr'>curules</span> <span class='ocrx_word' id='word_1_35' title='bbox 1001 857 1118 919; x_wconf 86' lang='lat' dir='ltr'>creari.</span> <span class='ocrx_word' id='word_1_36' title='bbox 1162 857 1289 937; x_wconf 89' lang='lat' dir='ltr'>Primo,</span> 
     </span>
     <span class='ocr_line' id='line_1_6' title="bbox 190 939 1290 1041; baseline 0.004 -23"><span class='ocrx_word' id='word_1_37' title='bbox 190 961 227 1018; x_wconf 91' lang='lat' dir='ltr'>ut</span> <span class='ocrx_word' id='word_1_38' title='bbox 249 953 384 1018; x_wconf 84' lang='lat' dir='ltr'>alternis</span> <span class='ocrx_word' id='word_1_39' title='bbox 410 956 601 1018; x_wconf 68' lang='lat' dir='ltr'>acuisses</span> <span class='ocrx_word' id='word_1_40' title='bbox 628 955 728 1036; x_wconf 84' lang='lat' dir='ltr'>plebe</span> <span class='ocrx_word' id='word_1_41' title='bbox 753 955 880 1032; x_wconf 85' lang='lat' dir='ltr'>tierent,</span> <span class='ocrx_word' id='word_1_42' title='bbox 905 939 1132 1020; x_wconf 72' lang='lat' dir='ltr'>couveuc‘rat:</span> <span class='ocrx_word' id='word_1_43' title='bbox 1169 964 1290 1041; x_wconf 87' lang='lat' dir='ltr'>postea</span> 
     </span>
     <span class='ocr_line' id='line_1_7' title="bbox 188 1054 1288 1136; baseline 0.005 -18"><span class='ocrx_word' id='word_1_44' title='bbox 188 1056 409 1136; x_wconf 88' lang='lat' dir='ltr'>promiscuum</span> <span class='ocrx_word' id='word_1_45' title='bbox 425 1054 499 1118; x_wconf 80' lang='lat' dir='ltr'>fuit</span> <span class='ocrx_word' id='word_1_46' title='bbox 544 1054 640 1129; x_wconf 93' lang='lat' dir='ltr'>Iude,</span> <span class='ocrx_word' id='word_1_47' title='bbox 657 1057 696 1119; x_wconf 83' lang='lat' dir='ltr'>L.</span> <span class='ocrx_word' id='word_1_48' title='bbox 712 1055 866 1120; x_wconf 81' lang='lat' dir='ltr'>Genucio</span> <span class='ocrx_word' id='word_1_49' title='bbox 882 1063 917 1120; x_wconf 89' lang='lat' dir='ltr'>et</span> <span class='ocrx_word' id='word_1_50' title='bbox 930 1056 975 1135; x_wconf 82' lang='lat' dir='ltr'>Q.</span> <span class='ocrx_word' id='word_1_51' title='bbox 987 1057 1129 1122; x_wconf 84' lang='lat' dir='ltr'>Servilio</span> <span class='ocrx_word' id='word_1_52' title='bbox 1140 1059 1288 1122; x_wconf 89' lang='lat' dir='ltr'>consuli·</span> 
     </span>
     <span class='ocr_line' id='line_1_8' title="bbox 188 1152 1288 1240; baseline 0.006 -24"><span class='ocrx_word' id='word_1_53' title='bbox 188 1152 281 1230; x_wconf 57' lang='lat' dir='ltr'>bus:</span> <span class='ocrx_word' id='word_1_54' title='bbox 300 1163 335 1218; x_wconf 89' lang='lat' dir='ltr'>et</span> <span class='ocrx_word' id='word_1_55' title='bbox 350 1157 393 1220; x_wconf 92' lang='lat' dir='ltr'>ab</span> <span class='ocrx_word' id='word_1_56' title='bbox 405 1157 570 1221; x_wconf 87' lang='lat' dir='ltr'>seditione</span> <span class='ocrx_word' id='word_1_57' title='bbox 584 1163 619 1220; x_wconf 88' lang='lat' dir='ltr'>et</span> <span class='ocrx_word' id='word_1_58' title='bbox 633 1159 655 1221; x_wconf 79' lang='lat' dir='ltr'>a</span> <span class='ocrx_word' id='word_1_59' title='bbox 668 1156 757 1221; x_wconf 86' lang='lat' dir='ltr'>bello</span> <span class='ocrx_word' id='word_1_60' title='bbox 774 1158 900 1240; x_wconf 87' lang='lat' dir='ltr'>quietis</span> <span class='ocrx_word' id='word_1_61' title='bbox 925 1159 1035 1234; x_wconf 86' lang='lat' dir='ltr'>rebus,</span> <span class='ocrx_word' id='word_1_62' title='bbox 1054 1177 1098 1222; x_wconf 90' lang='lat' dir='ltr'>ue</span> <span class='ocrx_word' id='word_1_63' title='bbox 1114 1160 1251 1240; x_wconf 86' lang='lat' dir='ltr'>quaudo</span> <span class='ocrx_word' id='word_1_64' title='bbox 1266 1180 1288 1224; x_wconf 88' lang='lat' dir='ltr'>a</span> 
     </span>
     <span class='ocr_line' id='line_1_9' title="bbox 187 1257 1285 1340; baseline 0.006 -24"><span class='ocrx_word' id='word_1_65' title='bbox 187 1266 276 1318; x_wconf 88' lang='lat' dir='ltr'>metu</span> <span class='ocrx_word' id='word_1_66' title='bbox 289 1273 329 1330; x_wconf 80' lang='lat' dir='ltr'>ac</span> <span class='ocrx_word' id='word_1_67' title='bbox 341 1257 499 1338; x_wconf 85' lang='lat' dir='ltr'>periculis</span> <span class='ocrx_word' id='word_1_68' title='bbox 514 1264 683 1332; x_wconf 85' lang='lat' dir='ltr'>vacarent,</span> <span class='ocrx_word' id='word_1_69' title='bbox 695 1257 886 1340; x_wconf 87' lang='lat' dir='ltr'>pestilentia</span> <span class='ocrx_word' id='word_1_70' title='bbox 896 1258 1013 1339; x_wconf 82' lang='lat' dir='ltr'>iugens</span> <span class='ocrx_word' id='word_1_71' title='bbox 1027 1264 1110 1324; x_wconf 82' lang='lat' dir='ltr'>orta·</span> <span class='ocrx_word' id='word_1_72' title='bbox 1155 1259 1285 1323; x_wconf 77' lang='lat' dir='ltr'>Conso·</span> 
     </span>
     <span class='ocr_line' id='line_1_10' title="bbox 186 1352 1287 1442; baseline 0.005 -26"><span class='ocrx_word' id='word_1_73' title='bbox 186 1352 281 1430; x_wconf 56' lang='lat' dir='ltr'>retusi¹</span> <span class='ocrx_word' id='word_1_74' title='bbox 302 1355 435 1420; x_wconf 87' lang='lat' dir='ltr'>aedilem</span> <span class='ocrx_word' id='word_1_75' title='bbox 451 1357 615 1430; x_wconf 89' lang='lat' dir='ltr'>curulem,</span> <span class='ocrx_word' id='word_1_76' title='bbox 629 1365 696 1421; x_wconf 90' lang='lat' dir='ltr'>tres</span> <span class='ocrx_word' id='word_1_77' title='bbox 710 1357 987 1442; x_wconf 87' lang='lat' dir='ltr'>tribunusplebis</span> <span class='ocrx_word' id='word_1_78' title='bbox 1001 1364 1150 1423; x_wconf 86' lang='lat' dir='ltr'>mortuos</span> <span class='ocrx_word' id='word_1_79' title='bbox 1165 1359 1287 1438; x_wconf 83' lang='lat' dir='ltr'>lerunt,</span> 
     </span>
     <span class='ocr_line' id='line_1_11' title="bbox 187 1453 1286 1538; baseline 0.006 -20"><span class='ocrx_word' id='word_1_80' title='bbox 187 1474 249 1537; x_wconf 87' lang='lat' dir='ltr'>pro</span> <span class='ocrx_word' id='word_1_81' title='bbox 265 1453 435 1538; x_wconf 85' lang='lat' dir='ltr'>portioue¹</span> <span class='ocrx_word' id='word_1_82' title='bbox 459 1464 558 1522; x_wconf 87' lang='lat' dir='ltr'>etex</span> <span class='ocrx_word' id='word_1_83' title='bbox 586 1459 800 1524; x_wconf 89' lang='lat' dir='ltr'>multitudiue</span> <span class='ocrx_word' id='word_1_84' title='bbox 823 1460 892 1524; x_wconf 86' lang='lat' dir='ltr'>ulia</span> <span class='ocrx_word' id='word_1_85' title='bbox 914 1460 1019 1524; x_wconf 85' lang='lat' dir='ltr'>multu</span> <span class='ocrx_word' id='word_1_86' title='bbox 1038 1461 1152 1524; x_wconf 81' lang='lat' dir='ltr'>lunera</span> <span class='ocrx_word' id='word_1_87' title='bbox 1169 1460 1286 1526; x_wconf 83' lang='lat' dir='ltr'>fuisse.</span> 
     </span>
     <span class='ocr_line' id='line_1_12' title="bbox 188 1552 1286 1642; baseline 0.005 -22"><span class='ocrx_word' id='word_1_88' title='bbox 188 1552 408 1641; x_wconf 79' lang='lat' dir='ltr'>Maximeque</span> <span class='ocrx_word' id='word_1_89' title='bbox 422 1577 495 1622; x_wconf 88' lang='lat' dir='ltr'>eam</span> <span class='ocrx_word' id='word_1_90' title='bbox 511 1559 741 1641; x_wconf 88' lang='lat' dir='ltr'>pestilentiam</span> <span class='ocrx_word' id='word_1_91' title='bbox 766 1560 926 1641; x_wconf 80' lang='lat' dir='ltr'>insignem</span> <span class='ocrx_word' id='word_1_92' title='bbox 950 1578 1042 1623; x_wconf 90' lang='lat' dir='ltr'>murs</span> <span class='ocrx_word' id='word_1_93' title='bbox 1060 1578 1160 1642; x_wconf 83' lang='lat' dir='ltr'>quam</span> <span class='ocrx_word' id='word_1_94' title='bbox 1178 1569 1286 1625; x_wconf 86' lang='lat' dir='ltr'>matu·</span> 
     </span>
     <span class='ocr_line' id='line_1_13' title="bbox 185 1653 1340 1751; baseline 0.005 -31"><span class='ocrx_word' id='word_1_95' title='bbox 185 1653 248 1735; x_wconf 82' lang='lat' dir='ltr'>ra,¹¹</span> <span class='ocrx_word' id='word_1_96' title='bbox 270 1665 339 1722; x_wconf 89' lang='lat' dir='ltr'>tam</span> <span class='ocrx_word' id='word_1_97' title='bbox 354 1660 488 1736; x_wconf 88' lang='lat' dir='ltr'>acerba,</span> <span class='ocrx_word' id='word_1_98' title='bbox 504 1658 555 1723; x_wconf 86' lang='grc' dir='ltr'>Μ.</span> <span class='ocrx_word' id='word_1_99' title='bbox 569 1659 663 1724; x_wconf 87' lang='lat' dir='ltr'>Furii</span> <span class='ocrx_word' id='word_1_100' title='bbox 677 1659 767 1724; x_wconf 82' lang='lat' dir='ltr'>iecit.</span> <span class='ocrx_word' id='word_1_101' title='bbox 811 1659 894 1724; x_wconf 82' lang='lat' dir='ltr'>Fuit</span> <span class='ocrx_word' id='word_1_102' title='bbox 907 1661 996 1724; x_wconf 88' lang='lat' dir='ltr'>euim</span> <span class='ocrx_word' id='word_1_103' title='bbox 1010 1680 1087 1724; x_wconf 83' lang='lat' dir='ltr'>vere</span> <span class='ocrx_word' id='word_1_104' title='bbox 1102 1662 1152 1726; x_wconf 85' lang='lat' dir='ltr'>vir</span> <span class='ocrx_word' id='word_1_105' title='bbox 1165 1661 1286 1728; x_wconf 86' lang='lat' dir='ltr'>unicus</span> <span class='ocrx_word' id='word_1_106' title='bbox 1336 1740 1340 1751; x_wconf 37' lang='grc' dir='ltr'>Ι</span> 
     </span>
    </p>
   </div>
   <div class='ocr_carea' id='block_1_3' title="bbox 218 1819 461 1872">
    <p class='ocr_par' dir='ltr' id='par_1_3' title="bbox 218 1819 461 1872">
     <span class='ocr_line' id='line_1_14' title="bbox 218 1819 461 1872; baseline 0.012 -3"><span class='ocrx_word' id='word_1_107' title='bbox 218 1825 229 1852; x_wconf 67' lang='lat'><em>²</em></span> <span class='ocrx_word' id='word_1_108' title='bbox 245 1819 334 1870; x_wconf 72' lang='lat' dir='ltr'>Passis</span> <span class='ocrx_word' id='word_1_109' title='bbox 345 1827 461 1872; x_wconf 70' lang='lat' dir='ltr'>muas·</span> 
     </span>
    </p>
   </div>
   <div class='ocr_carea' id='block_1_4' title="bbox 676 1949 787 1999">
    <p class='ocr_par' dir='ltr' id='par_1_4' title="bbox 676 1949 787 1999">
     <span class='ocr_line' id='line_1_15' title="bbox 676 1949 787 1999; baseline 0 -1"><span class='ocrx_word' id='word_1_110' title='bbox 676 1949 787 1999; x_wconf 81' lang='lat' dir='ltr'>NOTAE</span> 
     </span>
    </p>
   </div>
   <div class='ocr_carea' id='block_1_5' title="bbox 176 2043 1285 4294">
    <p class='ocr_par' dir='ltr' id='par_1_5' title="bbox 176 2043 1285 4294">
     <span class='ocr_line' id='line_1_16' title="bbox 184 2043 1284 2110; baseline 0.003 -18"><span class='ocrx_word' id='word_1_111' title='bbox 184 2057 231 2092; x_wconf 82' lang='lat' dir='ltr'>nes</span> <span class='ocrx_word' id='word_1_112' title='bbox 245 2043 337 2094; x_wconf 86' lang='lat' dir='ltr'>iisdem</span> <span class='ocrx_word' id='word_1_113' title='bbox 349 2043 404 2096; x_wconf 80' lang='lat' dir='ltr'>iere</span> <span class='ocrx_word' id='word_1_114' title='bbox 419 2046 560 2110; x_wconf 74' lang='lat' dir='ltr'>insignibus</span> <span class='ocrx_word' id='word_1_115' title='bbox 577 2045 713 2110; x_wconf 68' lang='lat' dir='ltr'>dignitatis</span> <span class='ocrx_word' id='word_1_116' title='bbox 751 2051 857 2094; x_wconf 82' lang='lat' dir='ltr'>cautum</span> <span class='ocrx_word' id='word_1_117' title='bbox 867 2045 963 2107; x_wconf 77' lang='lat' dir='ltr'>luisse3</span> <span class='ocrx_word' id='word_1_118' title='bbox 981 2046 1026 2095; x_wconf 87' lang='lat' dir='ltr'>sed</span> <span class='ocrx_word' id='word_1_119' title='bbox 1040 2047 1127 2109; x_wconf 83' lang='lat' dir='ltr'>uiejus</span> <span class='ocrx_word' id='word_1_120' title='bbox 1137 2046 1202 2108; x_wconf 74' lang='lat' dir='ltr'>legis</span> <span class='ocrx_word' id='word_1_121' title='bbox 1216 2059 1284 2109; x_wconf 80' lang='lat' dir='ltr'>prse-</span> 
     </span>
     <span class='ocr_line' id='line_1_17' title="bbox 184 2119 1285 2184; baseline 0.002 -16"><span class='ocrx_word' id='word_1_122' title='bbox 184 2119 277 2183; x_wconf 84' lang='lat' dir='ltr'>quibus</span> <span class='ocrx_word' id='word_1_123' title='bbox 288 2123 407 2171; x_wconf 86' lang='lat' dir='ltr'>consules</span> <span class='ocrx_word' id='word_1_124' title='bbox 418 2122 575 2173; x_wconf 83' lang='lat' dir='ltr'>utebanturr</span> <span class='ocrx_word' id='word_1_125' title='bbox 594 2124 658 2171; x_wconf 84' lang='lat' dir='ltr'>sella</span> <span class='ocrx_word' id='word_1_126' title='bbox 669 2136 713 2171; x_wconf 86' lang='lat' dir='ltr'>cu·</span> <span class='ocrx_word' id='word_1_127' title='bbox 752 2121 852 2170; x_wconf 86' lang='lat' dir='ltr'>toribus</span> <span class='ocrx_word' id='word_1_128' title='bbox 862 2122 1015 2183; x_wconf 70' lang='lat' dir='ltr'>counitum,</span> <span class='ocrx_word' id='word_1_129' title='bbox 1025 2121 1068 2184; x_wconf 79' lang='lat' dir='ltr'>qui</span> <span class='ocrx_word' id='word_1_130' title='bbox 1080 2127 1140 2184; x_wconf 88' lang='lat' dir='ltr'>post</span> <span class='ocrx_word' id='word_1_131' title='bbox 1150 2123 1245 2181; x_wconf 80' lang='lat' dir='ltr'>creari,</span> <span class='ocrx_word' id='word_1_132' title='bbox 1257 2127 1285 2170; x_wconf 83' lang='lat' dir='ltr'>et</span> 
     </span>
     <span class='ocr_line' id='line_1_18' title="bbox 182 2195 1284 2263; baseline 0 -20"><span class='ocrx_word' id='word_1_133' title='bbox 182 2195 243 2252; x_wconf 88' lang='lat' dir='ltr'>ruli,</span> <span class='ocrx_word' id='word_1_134' title='bbox 254 2203 282 2245; x_wconf 87' lang='lat' dir='ltr'>et</span> <span class='ocrx_word' id='word_1_135' title='bbox 294 2205 356 2258; x_wconf 73' lang='lat' dir='ltr'>toga</span> <span class='ocrx_word' id='word_1_136' title='bbox 372 2198 451 2248; x_wconf 86' lang='lat' dir='ltr'>limbo</span> <span class='ocrx_word' id='word_1_137' title='bbox 466 2212 598 2263; x_wconf 85' lang='lat' dir='ltr'>purpureo</span> <span class='ocrx_word' id='word_1_138' title='bbox 614 2204 713 2253; x_wconf 81' lang='lat' dir='ltr'>oruata,</span> <span class='ocrx_word' id='word_1_139' title='bbox 750 2195 882 2244; x_wconf 80' lang='lat' dir='ltr'>diuersum</span> <span class='ocrx_word' id='word_1_140' title='bbox 900 2211 916 2245; x_wconf 88' lang='lat' dir='ltr'>e</span> <span class='ocrx_word' id='word_1_141' title='bbox 934 2195 1082 2245; x_wconf 85' lang='lat' dir='ltr'>consulibus</span> <span class='ocrx_word' id='word_1_142' title='bbox 1102 2196 1284 2258; x_wconf 72' lang='lat' dir='ltr'>magistratum</span> 
     </span>
     <span class='ocr_line' id='line_1_19' title="bbox 182 2273 996 2334; baseline -0.002 -14"><span class='ocrx_word' id='word_1_143' title='bbox 182 2285 259 2334; x_wconf 86' lang='lat' dir='ltr'>quam</span> <span class='ocrx_word' id='word_1_144' title='bbox 271 2279 423 2334; x_wconf 68' lang='lat' dir='ltr'>preteritum</span> <span class='ocrx_word' id='word_1_145' title='bbox 432 2273 569 2323; x_wconf 83' lang='lat' dir='ltr'>uocabant.</span> <span class='ocrx_word' id='word_1_146' title='bbox 585 2273 637 2322; x_wconf 83' lang='lat' dir='ltr'>Sex</span> <span class='ocrx_word' id='word_1_147' title='bbox 647 2285 712 2334; x_wconf 73' lang='lat' dir='ltr'>prm·</span> <span class='ocrx_word' id='word_1_148' title='bbox 750 2283 841 2333; x_wconf 75' lang='lat' dir='ltr'>gerere</span> <span class='ocrx_word' id='word_1_149' title='bbox 852 2279 996 2334; x_wconf 73' lang='lat' dir='ltr'>coeperunt.</span> 
     </span>
     <span class='ocr_line' id='line_1_20' title="bbox 182 2345 1285 2412; baseline 0.001 -17"><span class='ocrx_word' id='word_1_150' title='bbox 182 2353 253 2395; x_wconf 85' lang='lat' dir='ltr'>teres</span> <span class='ocrx_word' id='word_1_151' title='bbox 263 2346 369 2395; x_wconf 80' lang='lat' dir='ltr'>lictores</span> <span class='ocrx_word' id='word_1_152' title='bbox 389 2349 491 2412; x_wconf 77' lang='lat' dir='ltr'>praetori</span> <span class='ocrx_word' id='word_1_153' title='bbox 508 2347 563 2398; x_wconf 84' lang='lat' dir='ltr'>deti</span> <span class='ocrx_word' id='word_1_154' title='bbox 574 2362 607 2398; x_wconf 82' lang='lat' dir='ltr'>es</span> <span class='ocrx_word' id='word_1_155' title='bbox 619 2348 713 2412; x_wconf 75' lang='lat' dir='ltr'>Pulpb.</span> <span class='ocrx_word' id='word_1_156' title='bbox 784 2345 1134 2409; x_wconf 56' lang='lat' dir='ltr'>munumentum]</span> <span class='ocrx_word' id='word_1_157' title='bbox 1152 2345 1285 2410; x_wconf 78' lang='lat' dir='ltr'>liuidpri·</span> 
     </span>
     <span class='ocr_line' id='line_1_21' title="bbox 182 2419 1283 2486; baseline 0.001 -16"><span class='ocrx_word' id='word_1_158' title='bbox 182 2420 293 2470; x_wconf 84' lang='lat' dir='ltr'>etPlut.</span> <span class='ocrx_word' id='word_1_159' title='bbox 419 2443 423 2448; x_wconf 95' lang='lat'>·</span> <span class='ocrx_word' id='word_1_160' title='bbox 749 2423 810 2473; x_wconf 81' lang='lat' dir='ltr'>moi</span> <span class='ocrx_word' id='word_1_161' title='bbox 835 2422 877 2472; x_wconf 79' lang='lat' dir='ltr'>Au</span> <span class='ocrx_word' id='word_1_162' title='bbox 890 2437 950 2472; x_wconf 88' lang='lat' dir='ltr'>cum</span> <span class='ocrx_word' id='word_1_163' title='bbox 967 2423 1076 2485; x_wconf 85' lang='lat' dir='ltr'>primum</span> <span class='ocrx_word' id='word_1_164' title='bbox 1095 2421 1198 2486; x_wconf 85' lang='lat' dir='ltr'>patricii</span> <span class='ocrx_word' id='word_1_165' title='bbox 1210 2419 1283 2471; x_wconf 81' lang='lat' dir='ltr'>iudo·</span> 
     </span>
     <span class='ocr_line' id='line_1_22' title="bbox 213 2495 1283 2563; baseline 0.003 -18"><span class='ocrx_word' id='word_1_166' title='bbox 213 2503 225 2530; x_wconf 81' lang='lat'>⁸</span> <span class='ocrx_word' id='word_1_167' title='bbox 242 2495 388 2557; x_wconf 75' lang='lat' dir='ltr'>liticssjure</span> <span class='ocrx_word' id='word_1_168' title='bbox 398 2498 544 2562; x_wconf 71' lang='lat' dir='ltr'>recidentem]</span> <span class='ocrx_word' id='word_1_169' title='bbox 560 2497 588 2548; x_wconf 87' lang='lat' dir='ltr'>Is</span> <span class='ocrx_word' id='word_1_170' title='bbox 598 2499 711 2562; x_wconf 82' lang='lat' dir='ltr'>priuato·</span> <span class='ocrx_word' id='word_1_171' title='bbox 749 2513 804 2546; x_wconf 78' lang='lat' dir='ltr'>rium</span> <span class='ocrx_word' id='word_1_172' title='bbox 817 2514 904 2548; x_wconf 87' lang='lat' dir='ltr'>curam</span> <span class='ocrx_word' id='word_1_173' title='bbox 915 2501 940 2548; x_wconf 91' lang='lat' dir='ltr'>iu</span> <span class='ocrx_word' id='word_1_174' title='bbox 953 2514 982 2548; x_wconf 84' lang='lat' dir='ltr'>se</span> <span class='ocrx_word' id='word_1_175' title='bbox 991 2505 1171 2563; x_wconf 74' lang='lat' dir='ltr'>susceperuut,</span> <span class='ocrx_word' id='word_1_176' title='bbox 1180 2513 1213 2547; x_wconf 85' lang='lat' dir='ltr'>es</span> <span class='ocrx_word' id='word_1_177' title='bbox 1223 2499 1283 2560; x_wconf 67' lang='lat' dir='ltr'>iege</span> 
     </span>
     <span class='ocr_line' id='line_1_23' title="bbox 181 2572 1283 2637; baseline 0.002 -15"><span class='ocrx_word' id='word_1_178' title='bbox 181 2583 237 2622; x_wconf 84' lang='lat' dir='ltr'>rum</span> <span class='ocrx_word' id='word_1_179' title='bbox 249 2573 423 2634; x_wconf 72' lang='lat' dir='ltr'>negotiorum,</span> <span class='ocrx_word' id='word_1_180' title='bbox 441 2572 570 2636; x_wconf 87' lang='lat' dir='ltr'>inquibus</span> <span class='ocrx_word' id='word_1_181' title='bbox 583 2573 646 2623; x_wconf 82' lang='lat' dir='ltr'>tacti</span> <span class='ocrx_word' id='word_1_182' title='bbox 659 2589 710 2623; x_wconf 84' lang='lat' dir='ltr'>rna·</span> <span class='ocrx_word' id='word_1_183' title='bbox 749 2581 778 2622; x_wconf 84' lang='lat' dir='ltr'>nt</span> <span class='ocrx_word' id='word_1_184' title='bbox 791 2574 879 2623; x_wconf 72' lang='lat' dir='ltr'>aediles</span> <span class='ocrx_word' id='word_1_185' title='bbox 890 2574 1001 2624; x_wconf 80' lang='lat' dir='ltr'>tierent?</span> <span class='ocrx_word' id='word_1_186' title='bbox 1018 2574 1055 2624; x_wconf 78' lang='lat' dir='ltr'>At</span> <span class='ocrx_word' id='word_1_187' title='bbox 1070 2575 1120 2622; x_wconf 80' lang='lat' dir='ltr'>boc</span> <span class='ocrx_word' id='word_1_188' title='bbox 1136 2574 1222 2637; x_wconf 89' lang='lat' dir='ltr'>posito</span> <span class='ocrx_word' id='word_1_189' title='bbox 1233 2573 1283 2624; x_wconf 81' lang='lat' dir='ltr'>iel·</span> 
     </span>
     <span class='ocr_line' id='line_1_24' title="bbox 181 2647 1282 2713; baseline 0.003 -18"><span class='ocrx_word' id='word_1_190' title='bbox 181 2647 229 2708; x_wconf 77' lang='lat' dir='ltr'>gis,</span> <span class='ocrx_word' id='word_1_191' title='bbox 248 2663 325 2711; x_wconf 86' lang='lat' dir='ltr'>quum</span> <span class='ocrx_word' id='word_1_192' title='bbox 341 2649 420 2712; x_wconf 88' lang='lat' dir='ltr'>juris,</span> <span class='ocrx_word' id='word_1_193' title='bbox 430 2649 538 2713; x_wconf 66' lang='lat' dir='ltr'>quaestio</span> <span class='ocrx_word' id='word_1_194' title='bbox 549 2649 712 2707; x_wconf 82' lang='lat' dir='ltr'>vertebatur,</span> <span class='ocrx_word' id='word_1_195' title='bbox 749 2662 805 2697; x_wconf 84' lang='lat' dir='ltr'>sum</span> <span class='ocrx_word' id='word_1_196' title='bbox 827 2657 897 2697; x_wconf 83' lang='lat' dir='ltr'>esset</span> <span class='ocrx_word' id='word_1_197' title='bbox 916 2649 985 2713; x_wconf 80' lang='lat' dir='ltr'>quud</span> <span class='ocrx_word' id='word_1_198' title='bbox 1005 2650 1082 2710; x_wconf 85' lang='lat' dir='ltr'>parrlo</span> <span class='ocrx_word' id='word_1_199' title='bbox 1099 2649 1282 2705; x_wconf 81' lang='lat' dir='ltr'>antedictum.</span> 
     </span>
     <span class='ocr_line' id='line_1_25' title="bbox 176 2721 1282 2787; baseline 0.003 -17"><span class='ocrx_word' id='word_1_200' title='bbox 176 2721 293 2785; x_wconf 81' lang='lat' dir='ltr'>judicem</span> <span class='ocrx_word' id='word_1_201' title='bbox 309 2723 406 2774; x_wconf 85' lang='lat' dir='ltr'>dabat:</span> <span class='ocrx_word' id='word_1_202' title='bbox 425 2725 480 2786; x_wconf 84' lang='lat' dir='ltr'>ipse</span> <span class='ocrx_word' id='word_1_203' title='bbox 492 2725 526 2774; x_wconf 86' lang='lat' dir='ltr'>de</span> <span class='ocrx_word' id='word_1_204' title='bbox 538 2725 614 2774; x_wconf 85' lang='lat' dir='ltr'>rebus</span> <span class='ocrx_word' id='word_1_205' title='bbox 625 2726 711 2774; x_wconf 83' lang='lat' dir='ltr'>arduis</span> <span class='ocrx_word' id='word_1_206' title='bbox 748 2724 872 2786; x_wconf 84' lang='lat' dir='ltr'>patricios</span> <span class='ocrx_word' id='word_1_207' title='bbox 880 2724 949 2774; x_wconf 88' lang='lat' dir='ltr'>bunc</span> <span class='ocrx_word' id='word_1_208' title='bbox 957 2724 1005 2773; x_wconf 90' lang='lat' dir='ltr'>sibi</span> <span class='ocrx_word' id='word_1_209' title='bbox 1015 2725 1135 2774; x_wconf 75' lang='lat' dir='ltr'>bonorem</span> <span class='ocrx_word' id='word_1_210' title='bbox 1146 2739 1204 2774; x_wconf 79' lang='lat' dir='ltr'>cirus</span> <span class='ocrx_word' id='word_1_211' title='bbox 1214 2738 1282 2787; x_wconf 72' lang='lat' dir='ltr'>prm·</span> 
     </span>
     <span class='ocr_line' id='line_1_26' title="bbox 179 2799 1281 2864; baseline 0.004 -17"><span class='ocrx_word' id='word_1_212' title='bbox 179 2799 552 2863; x_wconf 72' lang='lat' dir='ltr'>cumconsiliocoguoscebs13</span> <span class='ocrx_word' id='word_1_213' title='bbox 569 2799 647 2849; x_wconf 86' lang='lat' dir='ltr'>etubi</span> <span class='ocrx_word' id='word_1_214' title='bbox 659 2813 710 2849; x_wconf 91' lang='lat' dir='ltr'>nou</span> <span class='ocrx_word' id='word_1_215' title='bbox 749 2807 809 2849; x_wconf 81' lang='lat' dir='ltr'>turs</span> <span class='ocrx_word' id='word_1_216' title='bbox 829 2802 988 2864; x_wconf 73' lang='lat' dir='ltr'>quaesivisse.</span> <span class='ocrx_word' id='word_1_217' title='bbox 1021 2800 1054 2849; x_wconf 90' lang='lat' dir='ltr'>ld</span> <span class='ocrx_word' id='word_1_218' title='bbox 1075 2802 1155 2864; x_wconf 71' lang='lat' dir='ltr'>igliur</span> <span class='ocrx_word' id='word_1_219' title='bbox 1170 2802 1221 2850; x_wconf 87' lang='lat' dir='ltr'>boc</span> <span class='ocrx_word' id='word_1_220' title='bbox 1240 2815 1281 2852; x_wconf 89' lang='lat' dir='ltr'>se·</span> 
     </span>
     <span class='ocr_line' id='line_1_27' title="bbox 180 2873 1282 2938; baseline 0 -15"><span class='ocrx_word' id='word_1_221' title='bbox 180 2879 233 2923; x_wconf 86' lang='lat' dir='ltr'>tsru</span> <span class='ocrx_word' id='word_1_222' title='bbox 245 2875 369 2937; x_wconf 89' lang='lat' dir='ltr'>simplicis</span> <span class='ocrx_word' id='word_1_223' title='bbox 375 2873 576 2938; x_wconf 87' lang='lat' dir='ltr'>jurisdictionis,</span> <span class='ocrx_word' id='word_1_224' title='bbox 587 2888 632 2924; x_wconf 89' lang='lat' dir='ltr'>seu</span> <span class='ocrx_word' id='word_1_225' title='bbox 644 2873 709 2923; x_wconf 92' lang='lat' dir='ltr'>uoti·</span> <span class='ocrx_word' id='word_1_226' title='bbox 748 2874 834 2924; x_wconf 90' lang='lat' dir='ltr'>cundo</span> <span class='ocrx_word' id='word_1_227' title='bbox 845 2889 912 2924; x_wconf 87' lang='lat' dir='ltr'>suno</span> <span class='ocrx_word' id='word_1_228' title='bbox 924 2873 1041 2925; x_wconf 77' lang='lat' dir='ltr'>scotum:</span> <span class='ocrx_word' id='word_1_229' title='bbox 1060 2884 1086 2923; x_wconf 84' lang='lat' dir='ltr'>et</span> <span class='ocrx_word' id='word_1_230' title='bbox 1104 2879 1243 2923; x_wconf 64' lang='lat' dir='ltr'>meamet</span> <span class='ocrx_word' id='word_1_231' title='bbox 1254 2874 1282 2923; x_wconf 87' lang='lat' dir='ltr'>iu</span> 
     </span>
     <span class='ocr_line' id='line_1_28' title="bbox 179 2948 1280 3014; baseline -0.002 -16"><span class='ocrx_word' id='word_1_232' title='bbox 179 2949 244 3007; x_wconf 90' lang='lat' dir='ltr'>cuis,</span> <span class='ocrx_word' id='word_1_233' title='bbox 257 2964 334 3014; x_wconf 80' lang='lat' dir='ltr'>quern</span> <span class='ocrx_word' id='word_1_234' title='bbox 346 2951 419 2999; x_wconf 84' lang='lat' dir='ltr'>suisti</span> <span class='ocrx_word' id='word_1_235' title='bbox 431 2949 531 3013; x_wconf 89' lang='lat' dir='ltr'>imperii</span> <span class='ocrx_word' id='word_1_236' title='bbox 544 2963 586 2998; x_wconf 86' lang='lat' dir='ltr'>res</span> <span class='ocrx_word' id='word_1_237' title='bbox 595 2955 659 3008; x_wconf 84' lang='lat' dir='ltr'>erui,</span> <span class='ocrx_word' id='word_1_238' title='bbox 672 2949 710 2998; x_wconf 88' lang='lat' dir='ltr'>iu·</span> <span class='ocrx_word' id='word_1_239' title='bbox 748 2948 883 3013; x_wconf 75' lang='lat' dir='ltr'>preterito</span> <span class='ocrx_word' id='word_1_240' title='bbox 894 2949 999 3009; x_wconf 85' lang='lat' dir='ltr'>dicitur,</span> <span class='ocrx_word' id='word_1_241' title='bbox 1016 2949 1209 3010; x_wconf 86' lang='lat' dir='ltr'>comparatione</span> <span class='ocrx_word' id='word_1_242' title='bbox 1221 2962 1280 2998; x_wconf 87' lang='lat' dir='ltr'>cum</span> 
     </span>
     <span class='ocr_line' id='line_1_29' title="bbox 180 3022 1281 3090; baseline -0.002 -16"><span class='ocrx_word' id='word_1_243' title='bbox 180 3023 294 3074; x_wconf 86' lang='lat' dir='ltr'>terdicto</span> <span class='ocrx_word' id='word_1_244' title='bbox 305 3023 360 3073; x_wconf 83' lang='lat' dir='ltr'>fieri</span> <span class='ocrx_word' id='word_1_245' title='bbox 380 3024 451 3089; x_wconf 87' lang='lat' dir='ltr'>quid,</span> <span class='ocrx_word' id='word_1_246' title='bbox 471 3029 517 3074; x_wconf 89' lang='lat' dir='ltr'>eut</span> <span class='ocrx_word' id='word_1_247' title='bbox 532 3022 655 3087; x_wconf 84' lang='lat' dir='ltr'>jubebat,</span> <span class='ocrx_word' id='word_1_248' title='bbox 664 3031 710 3074; x_wconf 86' lang='lat' dir='ltr'>aut</span> <span class='ocrx_word' id='word_1_249' title='bbox 748 3027 868 3090; x_wconf 75' lang='lat' dir='ltr'>sequenti</span> <span class='ocrx_word' id='word_1_250' title='bbox 890 3032 1017 3088; x_wconf 84' lang='lat' dir='ltr'>tempora,</span> <span class='ocrx_word' id='word_1_251' title='bbox 1044 3038 1095 3088; x_wconf 85' lang='lat' dir='ltr'>quo</span> <span class='ocrx_word' id='word_1_252' title='bbox 1116 3036 1172 3073; x_wconf 83' lang='lat' dir='ltr'>mos</span> <span class='ocrx_word' id='word_1_253' title='bbox 1197 3022 1281 3072; x_wconf 86' lang='lat' dir='ltr'>intro·</span> 
     </span>
     <span class='ocr_line' id='line_1_30' title="bbox 180 3095 1282 3162; baseline -0.003 -13"><span class='ocrx_word' id='word_1_254' title='bbox 180 3100 296 3150; x_wconf 79' lang='lat' dir='ltr'>uetabat.</span> <span class='ocrx_word' id='word_1_255' title='bbox 747 3100 853 3162; x_wconf 82' lang='lat' dir='ltr'>dirutus,</span> <span class='ocrx_word' id='word_1_256' title='bbox 874 3106 904 3149; x_wconf 86' lang='lat' dir='ltr'>ut</span> <span class='ocrx_word' id='word_1_257' title='bbox 925 3098 1013 3148; x_wconf 71' lang='lat' dir='ltr'>aediles</span> <span class='ocrx_word' id='word_1_258' title='bbox 1034 3105 1087 3146; x_wconf 83' lang='lat' dir='ltr'>tam</span> <span class='ocrx_word' id='word_1_259' title='bbox 1113 3111 1146 3144; x_wconf 80' lang='lat' dir='ltr'>ex</span> <span class='ocrx_word' id='word_1_260' title='bbox 1169 3095 1282 3160; x_wconf 83' lang='lat' dir='ltr'>plebeio,</span> 
     </span>
     <span class='ocr_line' id='line_1_31' title="bbox 211 3170 1280 3240; baseline -0.001 -16"><span class='ocrx_word' id='word_1_261' title='bbox 211 3173 221 3208; x_wconf 84' lang='lat'><strong><em>¹</em></strong></span> <span class='ocrx_word' id='word_1_262' title='bbox 237 3175 359 3237; x_wconf 77' lang='lat' dir='ltr'>Collegms</span> <span class='ocrx_word' id='word_1_263' title='bbox 376 3173 518 3237; x_wconf 74' lang='grc' dir='ltr'><strong>ιοιειιὶίὸιιι]</strong></span> <span class='ocrx_word' id='word_1_264' title='bbox 543 3173 655 3238; x_wconf 83' lang='lat' dir='ltr'>Subjicit</span> <span class='ocrx_word' id='word_1_265' title='bbox 672 3189 710 3224; x_wconf 84' lang='lat' dir='ltr'>ra·</span> <span class='ocrx_word' id='word_1_266' title='bbox 747 3190 823 3240; x_wconf 79' lang='lat' dir='ltr'>qurum</span> <span class='ocrx_word' id='word_1_267' title='bbox 841 3189 874 3224; x_wconf 86' lang='lat' dir='ltr'>ex</span> <span class='ocrx_word' id='word_1_268' title='bbox 891 3173 1022 3224; x_wconf 87' lang='lat' dir='ltr'>senatorio</span> <span class='ocrx_word' id='word_1_269' title='bbox 1041 3170 1135 3224; x_wconf 87' lang='lat' dir='ltr'>ordine</span> <span class='ocrx_word' id='word_1_270' title='bbox 1159 3171 1280 3223; x_wconf 85' lang='lat' dir='ltr'>indiscri-</span> 
     </span>
     <span class='ocr_line' id='line_1_32' title="bbox 180 3250 1048 3314; baseline -0.005 -14"><span class='ocrx_word' id='word_1_271' title='bbox 180 3251 276 3300; x_wconf 87' lang='lat' dir='ltr'>tiouem</span> <span class='ocrx_word' id='word_1_272' title='bbox 288 3266 335 3300; x_wconf 87' lang='lat' dir='ltr'>cur</span> <span class='ocrx_word' id='word_1_273' title='bbox 346 3260 473 3314; x_wconf 65' lang='lat' dir='ltr'>pretores</span> <span class='ocrx_word' id='word_1_274' title='bbox 488 3250 620 3300; x_wconf 88' lang='lat' dir='ltr'>consulum</span> <span class='ocrx_word' id='word_1_275' title='bbox 633 3251 710 3298; x_wconf 89' lang='lat' dir='ltr'>colle·</span> <span class='ocrx_word' id='word_1_276' title='bbox 748 3252 863 3300; x_wconf 80' lang='lat' dir='ltr'>minutim</span> <span class='ocrx_word' id='word_1_277' title='bbox 875 3257 1048 3299; x_wconf 88' lang='lat' dir='ltr'>sumerentur.</span> 
     </span>
     <span class='ocr_line' id='line_1_33' title="bbox 178 3323 1003 3391; baseline -0.005 -17"><span class='ocrx_word' id='word_1_278' title='bbox 178 3341 219 3390; x_wconf 66' lang='lat' dir='ltr'>ges</span> <span class='ocrx_word' id='word_1_279' title='bbox 230 3325 402 3376; x_wconf 79' lang='lat' dir='ltr'>haberentur:</span> <span class='ocrx_word' id='word_1_280' title='bbox 420 3325 488 3391; x_wconf 84' lang='lat' dir='ltr'>quod</span> <span class='ocrx_word' id='word_1_281' title='bbox 508 3339 600 3388; x_wconf 84' lang='lat' dir='ltr'>nempe</span> <span class='ocrx_word' id='word_1_282' title='bbox 619 3324 710 3374; x_wconf 83' lang='lat' dir='ltr'>lisdem</span> <span class='ocrx_word' id='word_1_283' title='bbox 781 3325 797 3355; x_wconf 75' lang='lat'>⁸</span> <span class='ocrx_word' id='word_1_284' title='bbox 815 3323 848 3372; x_wconf 83' lang='grc' dir='ltr'>Α.</span> <span class='ocrx_word' id='word_1_285' title='bbox 860 3323 894 3372; x_wconf 84' lang='lat' dir='ltr'>U.</span> <span class='ocrx_word' id='word_1_286' title='bbox 905 3325 1003 3372; x_wconf 66' lang='grc'><strong>0888.</strong></span> 
     </span>
     <span class='ocr_line' id='line_1_34' title="bbox 178 3396 1284 3463; baseline -0.005 -13"><span class='ocrx_word' id='word_1_287' title='bbox 178 3399 301 3463; x_wconf 79' lang='lat' dir='ltr'>auspiciis</span> <span class='ocrx_word' id='word_1_288' title='bbox 310 3401 392 3450; x_wconf 82' lang='lat' dir='ltr'>creati</span> <span class='ocrx_word' id='word_1_289' title='bbox 402 3407 505 3449; x_wconf 84' lang='lat' dir='ltr'>esseut:</span> <span class='ocrx_word' id='word_1_290' title='bbox 523 3399 711 3450; x_wconf 81' lang='lat' dir='ltr'>comitiisuem·</span> <span class='ocrx_word' id='word_1_291' title='bbox 779 3397 792 3432; x_wconf 83' lang='lat'>¹¹</span> <span class='ocrx_word' id='word_1_292' title='bbox 805 3397 943 3461; x_wconf 73' lang='lat' dir='ltr'>cmm]</span> <span class='ocrx_word' id='word_1_293' title='bbox 955 3397 1097 3447; x_wconf 84' lang='lat' dir='ltr'>Postumus</span> <span class='ocrx_word' id='word_1_294' title='bbox 1108 3396 1215 3446; x_wconf 78' lang='lat' dir='ltr'>Albinus</span> <span class='ocrx_word' id='word_1_295' title='bbox 1227 3398 1284 3448; x_wconf 38' lang='lat' dir='ltr'>ile*-⁴</span> 
     </span>
     <span class='ocr_line' id='line_1_35' title="bbox 178 3473 1280 3540; baseline 0.003 -17"><span class='ocrx_word' id='word_1_296' title='bbox 178 3488 213 3538; x_wconf 87' lang='lat' dir='ltr'>pe</span> <span class='ocrx_word' id='word_1_297' title='bbox 220 3476 381 3525; x_wconf 80' lang='lat' dir='ltr'>centuriatis.</span> <span class='ocrx_word' id='word_1_298' title='bbox 397 3474 554 3532; x_wconf 87' lang='lat' dir='ltr'>Etoomitis,</span> <span class='ocrx_word' id='word_1_299' title='bbox 562 3485 616 3525; x_wconf 86' lang='lat' dir='ltr'>tum</span> <span class='ocrx_word' id='word_1_300' title='bbox 626 3475 710 3539; x_wconf 75' lang='lat' dir='ltr'>legum</span> <span class='ocrx_word' id='word_1_301' title='bbox 748 3475 864 3540; x_wconf 75' lang='lat' dir='ltr'>gilleosis</span> <span class='ocrx_word' id='word_1_302' title='bbox 875 3481 903 3524; x_wconf 88' lang='lat' dir='ltr'>et</span> <span class='ocrx_word' id='word_1_303' title='bbox 922 3473 953 3523; x_wconf 84' lang='lat' dir='ltr'>C.</span> <span class='ocrx_word' id='word_1_304' title='bbox 970 3474 1101 3540; x_wconf 80' lang='lat' dir='ltr'>Sulpicius</span> <span class='ocrx_word' id='word_1_305' title='bbox 1111 3473 1218 3526; x_wconf 81' lang='lat' dir='ltr'>Peticus</span> <span class='ocrx_word' id='word_1_306' title='bbox 1229 3475 1280 3526; x_wconf 86' lang='lat' dir='ltr'>boc</span> 
     </span>
     <span class='ocr_line' id='line_1_36' title="bbox 176 3550 1279 3620; baseline -0.001 -19"><span class='ocrx_word' id='word_1_307' title='bbox 176 3550 354 3613; x_wconf 78' lang='lat' dir='ltr'>ferendarum,</span> <span class='ocrx_word' id='word_1_308' title='bbox 374 3559 428 3620; x_wconf 72' lang='lat' dir='ltr'>tum</span> <span class='ocrx_word' id='word_1_309' title='bbox 445 3551 603 3614; x_wconf 80' lang='lat' dir='ltr'>judiciorum</span> <span class='ocrx_word' id='word_1_310' title='bbox 621 3564 711 3614; x_wconf 83' lang='lat' dir='ltr'>causa,</span> <span class='ocrx_word' id='word_1_311' title='bbox 749 3560 866 3614; x_wconf 84' lang='lat' dir='ltr'>tempore</span> <span class='ocrx_word' id='word_1_312' title='bbox 884 3550 1148 3614; x_wconf 72' lang='lat' dir='ltr'>censereesfliponio</span> <span class='ocrx_word' id='word_1_313' title='bbox 1159 3565 1193 3600; x_wconf 86' lang='lat' dir='ltr'>ex</span> <span class='ocrx_word' id='word_1_314' title='bbox 1206 3551 1279 3601; x_wconf 83' lang='lat' dir='ltr'>tabu·</span> 
     </span>
     <span class='ocr_line' id='line_1_37' title="bbox 179 3624 1279 3690; baseline -0.002 -14"><span class='ocrx_word' id='word_1_315' title='bbox 179 3627 327 3676; x_wconf 88' lang='lat' dir='ltr'>consulibus</span> <span class='ocrx_word' id='word_1_316' title='bbox 340 3625 490 3676; x_wconf 87' lang='lat' dir='ltr'>absentibus</span> <span class='ocrx_word' id='word_1_317' title='bbox 505 3625 602 3676; x_wconf 85' lang='lat' dir='ltr'>babere</span> <span class='ocrx_word' id='word_1_318' title='bbox 620 3632 710 3690; x_wconf 87' lang='lat' dir='ltr'>potue·</span> <span class='ocrx_word' id='word_1_319' title='bbox 747 3627 778 3676; x_wconf 91' lang='lat' dir='ltr'>lis</span> <span class='ocrx_word' id='word_1_320' title='bbox 790 3624 942 3689; x_wconf 70' lang='lat' dir='ltr'>Capitolinis</span> <span class='ocrx_word' id='word_1_321' title='bbox 953 3633 1087 3676; x_wconf 85' lang='lat' dir='ltr'>notentur.</span> <span class='ocrx_word' id='word_1_322' title='bbox 1120 3627 1186 3676; x_wconf 81' lang='lat' dir='ltr'>Cum</span> <span class='ocrx_word' id='word_1_323' title='bbox 1197 3625 1279 3688; x_wconf 71' lang='lat' dir='ltr'>igitur</span> 
     </span>
     <span class='ocr_line' id='line_1_38' title="bbox 178 3700 1280 3764; baseline -0.001 -14"><span class='ocrx_word' id='word_1_324' title='bbox 178 3707 248 3752; x_wconf 88' lang='lat' dir='ltr'>runt.</span> <span class='ocrx_word' id='word_1_325' title='bbox 282 3701 343 3751; x_wconf 89' lang='lat' dir='ltr'>Non</span> <span class='ocrx_word' id='word_1_326' title='bbox 364 3708 452 3752; x_wconf 81' lang='lat' dir='ltr'>tamen</span> <span class='ocrx_word' id='word_1_327' title='bbox 471 3701 641 3751; x_wconf 84' lang='lat' dir='ltr'>creandorum</span> <span class='ocrx_word' id='word_1_328' title='bbox 657 3715 711 3751; x_wconf 83' lang='lat' dir='ltr'>ma·</span> <span class='ocrx_word' id='word_1_329' title='bbox 747 3701 1172 3764; x_wconf 75' lang='lat' dir='ltr'>Peticipostbuocsunomsaepe</span> <span class='ocrx_word' id='word_1_330' title='bbox 1182 3700 1280 3750; x_wconf 85' lang='lat' dir='ltr'>mentio</span> 
     </span>
     <span class='ocr_line' id='line_1_39' title="bbox 178 3774 1278 3840; baseline 0 -14"><span class='ocrx_word' id='word_1_331' title='bbox 178 3777 345 3840; x_wconf 74' lang='lat' dir='ltr'>gistratuum.</span> <span class='ocrx_word' id='word_1_332' title='bbox 378 3777 446 3826; x_wconf 87' lang='lat' dir='ltr'>Nam</span> <span class='ocrx_word' id='word_1_333' title='bbox 467 3783 593 3839; x_wconf 78' lang='lat' dir='ltr'>proeiores</span> <span class='ocrx_word' id='word_1_334' title='bbox 611 3775 671 3840; x_wconf 83' lang='lat' dir='ltr'>ipsi,</span> <span class='ocrx_word' id='word_1_335' title='bbox 682 3780 711 3825; x_wconf 90' lang='lat' dir='ltr'>ut</span> <span class='ocrx_word' id='word_1_336' title='bbox 747 3775 803 3837; x_wconf 84' lang='lat' dir='ltr'>liat,</span> <span class='ocrx_word' id='word_1_337' title='bbox 824 3774 948 3824; x_wconf 76' lang='lat' dir='ltr'>Albinum</span> <span class='ocrx_word' id='word_1_338' title='bbox 967 3777 1116 3837; x_wconf 83' lang='lat' dir='ltr'>pestilentia</span> <span class='ocrx_word' id='word_1_339' title='bbox 1133 3776 1278 3826; x_wconf 85' lang='lat' dir='ltr'>sbeumtuns</span> 
     </span>
     <span class='ocr_line' id='line_1_40' title="bbox 178 3848 914 3910; baseline -0.007 -8"><span class='ocrx_word' id='word_1_340' title='bbox 178 3857 207 3902; x_wconf 91' lang='lat' dir='ltr'>et</span> <span class='ocrx_word' id='word_1_341' title='bbox 218 3865 351 3910; x_wconf 85' lang='lat' dir='ltr'>censores,</span> <span class='ocrx_word' id='word_1_342' title='bbox 362 3864 376 3899; x_wconf 85' lang='grc' dir='ltr'><strong>ι</strong></span> <span class='ocrx_word' id='word_1_343' title='bbox 388 3849 536 3900; x_wconf 89' lang='lat' dir='ltr'>consulibus</span> <span class='ocrx_word' id='word_1_344' title='bbox 548 3848 710 3900; x_wconf 86' lang='lat' dir='ltr'>dicebantur.</span> <span class='ocrx_word' id='word_1_345' title='bbox 747 3863 856 3899; x_wconf 84' lang='lat' dir='ltr'>necesse</span> <span class='ocrx_word' id='word_1_346' title='bbox 865 3857 914 3898; x_wconf 83' lang='lat' dir='ltr'>est.</span> 
     </span>
     <span class='ocr_line' id='line_1_41' title="bbox 179 3923 1281 3990; baseline -0.004 -11"><span class='ocrx_word' id='word_1_347' title='bbox 179 3927 254 3980; x_wconf 77' lang='lat' dir='ltr'>Quod</span> <span class='ocrx_word' id='word_1_348' title='bbox 267 3934 354 3977; x_wconf 85' lang='lat' dir='ltr'>autem</span> <span class='ocrx_word' id='word_1_349' title='bbox 367 3925 412 3978; x_wconf 86' lang='lat' dir='ltr'>lib.</span> <span class='ocrx_word' id='word_1_350' title='bbox 421 3939 464 3976; x_wconf 86' lang='grc' dir='ltr'><strong>ιιι.</strong></span> <span class='ocrx_word' id='word_1_351' title='bbox 474 3941 497 3975; x_wconf 92' lang='lat' dir='ltr'>c.</span> <span class='ocrx_word' id='word_1_352' title='bbox 506 3931 547 3976; x_wconf 77' lang='lat'>56.</span> <span class='ocrx_word' id='word_1_353' title='bbox 558 3927 654 3976; x_wconf 89' lang='lat' dir='ltr'>dictum</span> <span class='ocrx_word' id='word_1_354' title='bbox 662 3933 712 3990; x_wconf 86' lang='lat' dir='ltr'>est,</span> <span class='ocrx_word' id='word_1_355' title='bbox 780 3925 787 3958; x_wconf 95' lang='lat'><strong>¹</strong></span> <span class='ocrx_word' id='word_1_356' title='bbox 798 3925 846 3973; x_wconf 78' lang='lat' dir='ltr'>Pro</span> <span class='ocrx_word' id='word_1_357' title='bbox 855 3925 975 3989; x_wconf 61' lang='lat' dir='ltr'>puisse]</span> <span class='ocrx_word' id='word_1_358' title='bbox 988 3925 1032 3974; x_wconf 84' lang='lat' dir='ltr'>lta</span> <span class='ocrx_word' id='word_1_359' title='bbox 1044 3923 1099 3973; x_wconf 79' lang='lat' dir='ltr'>iore</span> <span class='ocrx_word' id='word_1_360' title='bbox 1108 3923 1281 3975; x_wconf 81' lang='lat' dir='ltr'>Veteresdis·</span> 
     </span>
     <span class='ocr_line' id='line_1_42' title="bbox 178 3999 1279 4068; baseline -0.002 -15"><span class='ocrx_word' id='word_1_361' title='bbox 178 4006 237 4068; x_wconf 72' lang='lat' dir='ltr'>lege</span> <span class='ocrx_word' id='word_1_362' title='bbox 245 4003 356 4054; x_wconf 80' lang='lat' dir='ltr'>Horatia</span> <span class='ocrx_word' id='word_1_363' title='bbox 366 4003 513 4054; x_wconf 87' lang='lat' dir='ltr'>consulibus</span> <span class='ocrx_word' id='word_1_364' title='bbox 522 4010 549 4053; x_wconf 86' lang='lat' dir='ltr'>et</span> <span class='ocrx_word' id='word_1_365' title='bbox 557 4003 712 4068; x_wconf 69' lang='lat' dir='ltr'>praetoribus</span> <span class='ocrx_word' id='word_1_366' title='bbox 748 4001 838 4051; x_wconf 89' lang='lat' dir='ltr'>tinctis</span> <span class='ocrx_word' id='word_1_367' title='bbox 849 3999 964 4049; x_wconf 78' lang='lat' dir='ltr'>vecibus.</span> <span class='ocrx_word' id='word_1_368' title='bbox 982 3999 1162 4062; x_wconf 84' lang='lat' dir='ltr'>Propertluuis</span> <span class='ocrx_word' id='word_1_369' title='bbox 1174 4001 1216 4051; x_wconf 84' lang='lat' dir='ltr'>uix</span> <span class='ocrx_word' id='word_1_370' title='bbox 1229 4001 1279 4052; x_wconf 88' lang='lat' dir='ltr'>illis</span> 
     </span>
     <span class='ocr_line' id='line_1_43' title="bbox 179 4074 1202 4145; baseline -0.003 -16"><span class='ocrx_word' id='word_1_371' title='bbox 179 4089 282 4130; x_wconf 83' lang='lat' dir='ltr'>cautum</span> <span class='ocrx_word' id='word_1_372' title='bbox 303 4094 372 4141; x_wconf 80' lang='lat' dir='ltr'>esse,</span> <span class='ocrx_word' id='word_1_373' title='bbox 384 4078 451 4145; x_wconf 87' lang='lat' dir='ltr'>&#39;quis</span> <span class='ocrx_word' id='word_1_374' title='bbox 471 4077 563 4129; x_wconf 89' lang='lat' dir='ltr'>iisdem</span> <span class='ocrx_word' id='word_1_375' title='bbox 586 4079 709 4142; x_wconf 85' lang='lat' dir='ltr'>auspiciis</span> <span class='ocrx_word' id='word_1_376' title='bbox 749 4075 879 4137; x_wconf 78' lang='lat' dir='ltr'>cognitum</span> <span class='ocrx_word' id='word_1_377' title='bbox 891 4088 984 4124; x_wconf 84' lang='lat' dir='ltr'>nomen</span> <span class='ocrx_word' id='word_1_378' title='bbox 996 4074 1116 4126; x_wconf 78' lang='lat' dir='ltr'>observat</span> <span class='ocrx_word' id='word_1_379' title='bbox 1127 4076 1202 4127; x_wconf 75' lang='lat' dir='ltr'>(ilar.</span> 
     </span>
     <span class='ocr_line' id='line_1_44' title="bbox 180 4149 1279 4219; baseline -0.002 -15"><span class='ocrx_word' id='word_1_380' title='bbox 180 4166 340 4218; x_wconf 83' lang='lat' dir='ltr'>crearentur,</span> <span class='ocrx_word' id='word_1_381' title='bbox 355 4157 481 4219; x_wconf 75' lang='lat' dir='ltr'>intellige,</span> <span class='ocrx_word' id='word_1_382' title='bbox 499 4169 550 4206; x_wconf 89' lang='lat' dir='ltr'>nou</span> <span class='ocrx_word' id='word_1_383' title='bbox 567 4161 629 4205; x_wconf 88' lang='lat' dir='ltr'>tuno</span> <span class='ocrx_word' id='word_1_384' title='bbox 641 4169 709 4218; x_wconf 69' lang='lat' dir='ltr'>praa·</span> <span class='ocrx_word' id='word_1_385' title='bbox 782 4151 795 4185; x_wconf 80' lang='lat'>¹¹</span> <span class='ocrx_word' id='word_1_386' title='bbox 812 4151 890 4206; x_wconf 70' lang='lat' dir='ltr'>Qum</span> <span class='ocrx_word' id='word_1_387' title='bbox 905 4149 1011 4212; x_wconf 74' lang='lat' dir='ltr'>motam]</span> <span class='ocrx_word' id='word_1_388' title='bbox 1036 4151 1159 4200; x_wconf 81' lang='lat' dir='ltr'>Camillus</span> <span class='ocrx_word' id='word_1_389' title='bbox 1174 4158 1279 4216; x_wconf 68' lang='lat' dir='ltr'>octoge-</span> 
     </span>
     <span class='ocr_line' id='line_1_45' title="bbox 180 4225 1279 4294; baseline -0.003 -13"><span class='ocrx_word' id='word_1_390' title='bbox 180 4232 289 4294; x_wconf 86' lang='lat' dir='ltr'>tcribus,</span> <span class='ocrx_word' id='word_1_391' title='bbox 305 4233 376 4294; x_wconf 81' lang='lat' dir='ltr'>qussi</span> <span class='ocrx_word' id='word_1_392' title='bbox 394 4233 504 4282; x_wconf 82' lang='lat' dir='ltr'>diversis</span> <span class='ocrx_word' id='word_1_393' title='bbox 521 4231 710 4286; x_wconf 86' lang='lat' dir='ltr'>sconsulibui,</span> <span class='ocrx_word' id='word_1_394' title='bbox 750 4227 823 4278; x_wconf 84' lang='lat' dir='ltr'>uario</span> <span class='ocrx_word' id='word_1_395' title='bbox 832 4227 913 4290; x_wconf 83' lang='lat' dir='ltr'>major</span> <span class='ocrx_word' id='word_1_396' title='bbox 923 4226 1165 4292; x_wconf 84' lang='lat' dir='ltr'>decessit,masimis</span> <span class='ocrx_word' id='word_1_397' title='bbox 1174 4225 1279 4278; x_wconf 78' lang='lat' dir='ltr'>functus</span> 
     </span>
    </p>
   </div>
   <div class='ocr_carea' id='block_1_6' title="bbox 246 4308 1212 4374">
    <p class='ocr_par' dir='ltr' id='par_1_6' title="bbox 246 4308 1212 4374">
     <span class='ocr_line' id='line_1_46' title="bbox 246 4308 1212 4374; baseline -0.006 -12"><span class='ocrx_word' id='word_1_398' title='bbox 246 4311 366 4374; x_wconf 70' lang='lat' dir='ltr'>mnne</span> <span class='ocrx_word' id='word_1_399' title='bbox 381 4313 439 4362; x_wconf 83' lang='lat' dir='ltr'>Vur.</span> <span class='ocrx_word' id='word_1_400' title='bbox 452 4313 518 4362; x_wconf 83' lang='lat' dir='ltr'>Glus.</span> <span class='ocrx_word' id='word_1_401' title='bbox 687 4309 781 4360; x_wconf 74' lang='lat' dir='ltr'>binius.</span> <span class='ocrx_word' id='word_1_402' title='bbox 1158 4313 1173 4357; x_wconf 73' lang='lat'>³</span> <span class='ocrx_word' id='word_1_403' title='bbox 1190 4308 1212 4356; x_wconf 76' lang='grc' dir='ltr'>Ζ</span> 
     </span>
    </p>
   </div>
   <div class='ocr_carea' id='block_1_7' title="bbox 0 0 1580 4942">
    <p class='ocr_par' dir='ltr' id='par_1_7' title="bbox 0 0 1580 4942">
     <span class='ocr_line' id='line_1_47' title="bbox 0 0 1580 4942; baseline 0 2"><span class='ocrx_word' id='word_1_404' title='bbox 0 0 1580 4942; x_wconf 95' lang='lat' dir='ltr'> </span> 
     </span>
    </p>
   </div>
  </div>
 </body>
</html>
