3150 4942
579 373 652 422 cra.
678 373 746 422 ιιι.
765 373 846 422 car.
868 358 924 424 21.
1217 359 1304 428 ldbd

203 525 240 584 ut
263 516 435 583 Romanos
453 515 611 582 florentes
630 535 674 581 ea
686 516 742 580 sui
754 515 986 582 misericordia
1001 522 1148 600 caperet,
1163 538 1239 602 qum
1261 540 1300 584 se

201 619 305 682 rebus
322 615 452 680 affectis
466 615 630 700 qnondam
646 615 762 698 populi
783 615 931 682 Romani
944 618 1108 700 cepissem
1131 621 1299 685 conversi·

201 737 269 800 que
291 716 337 782 ad
357 716 497 782 delubra
509 716 640 792 Vestra,
655 715 836 799 hospitium
849 717 1021 782 flaminum
1037 716 1297 803 Vestaliumque

200 819 245 882 ab
265 833 302 882 se
321 808 416 908 caste
437 835 480 882 ac
493 817 647 899 religiose
660 816 784 880 cultum
806 816 1018 883 invocabant·
1063 815 1182 882 ‘Eune
1201 819 1299 884 meri·

199 927 267 995 tos,
282 918 434 982 crederet
454 918 645 1000 quisquam,
661 917 778 981 hostes
800 924 936 1000 repente
955 918 1030 982 siue
1044 937 1149 984 causa
1163 918 1296 986 saetosi

198 1026 268 1098 aut,
292 1020 322 1083 si
345 1019 427 1104 quid
450 1019 616 1084 hostiliter
640 1018 813 1096 iecissent,
834 1020 975 1084 consilio
997 1019 1034 1084 id
1057 1021 1177 1103 magis,
1197 1041 1297 1104 quam

197 1119 306 1186 furore
328 1120 456 1205 lapsos,
471 1119 603 1197 iecisse,
619 1127 659 1184 ut
679 1136 746 1184 sua
763 1126 878 1190 vetera
891 1120 1067 1198 beneficia,
1081 1121 1196 1186 locata
1210 1142 1298 1205 pree-

182 1222 310 1286 ·sertim
336 1221 427 1305 apud
454 1229 526 1286 turn
551 1228 672 1303 gretes,
697 1221 795 1284 soris
821 1229 1068 1303 corrumperent
1091 1223 1294 1290 maleficiisi

194 1322 431 1407 florentemque
456 1318 620 1414 'populum
649 1321 838 1387 Romanum
867 1341 910 1387 ac
938 1322 1171 1388 felicissimum
1201 1325 1294 1390 bello

195 1425 262 1488 sibi
279 1425 486 1490 desumerent
505 1425 648 1501 bostem,
662 1424 757 1508 cujus
772 1423 888 1489 afflicti
899 1425 1082 1490 amicitiam
1098 1427 1293 1510 cepissenti

195 1524 251 1590 Ne
264 1525 472 1610 appellerent
486 1525 762 1608 consiliumque
777 1525 831 1589 ris
842 1544 885 1590 ac
894 1526 1079 1591 necessitas
1091 1527 1295 1611 appellanda

193 1636 294 1691 esset.
338 1627 564 1692 liansenntes
586 1625 718 1708 agmine
739 1625 862 1690 infesto
882 1645 944 1710 per
964 1645 1081 1709 agrem
1095 1646 1192 1692 sunm
1208 1629 1293 1694 Tur·

193 1727 399 1808 qninienses,
411 1746 487 1791 cnm
501 1734 622 1811 praeter
636 1726 726 1791 viam
740 1725 823 1790 nibil
832 1723 1021 1808 petissent,‘
1033 1728 1177 1793 traxisse
1188 1748 1291 1811 quos·

191 1828 267 1894 dam
292 1830 482 1912 agrestium,
497 1826 721 1912 populationis
743 1827 830 1909 eJus,
845 1846 924 1910 quer
949 1827 1018 1894 sibi
1035 1828 1165 1893 crimini
1180 1829 1288 1903 detur,

189 1931 347 1994 comites.
390 1929 471 2007 Eos,
486 1949 548 1994 ssu
569 1928 649 1994 dedi
671 1928 817 2012 placeat,
832 1927 951 1993 dedere
970 1949 1009 1994 se
1028 1938 1167 2012 paratos
1187 1950 1285 2010 esae;

190 2049 252 2094 seu
273 2031 441 2113 supplicio
465 2029 565 2109 affici,
579 2030 716 2095 daturos
730 2048 861 2112 poenas.
906 2031 1012 2107 Caere,
1028 2032 1209 2096 sacrarium
1225 2051 1288 2114 po·

188 2132 260 2214 puli
288 2131 446 2209 Romani,
472 2131 699 2197 deversorium
726 2130 949 2207 sacerdotum,
973 2149 1013 2194 ac
1041 2131 1287 2212 receptaculum

188 2229 414 2296 Romanorum
449 2219 635 2307 sacrorum,
659 2230 820 2296 intactum
852 2230 1117 2314 inviolatumque
1146 2231 1286 2295 crimine

186 2331 276 2410 belli,
299 2331 449 2414 hospitio
476 2332 666 2398 Vestalium
693 2332 863 2414 cultisque
890 2331 967 2396 Diis
992 2331 1133 2397 darent.’
1175 2331 1287 2399 Movit

186 2431 345 2518 populum
370 2450 439 2495 uon
462 2437 531 2497 tam
545 2451 650 2497 causa
663 2451 827 2516 praesens,
842 2451 944 2515 quam
957 2439 1055 2497 vetus
1068 2435 1233 2512 meritum,
1248 2441 1284 2501 ut
1357 2464 1362 2474 ·

185 2531 355 2610 maleficii,
371 2551 471 2615 quam
495 2533 659 2612 beneficii,
674 2533 787 2617 potius
810 2535 1023 2598 immemores
1043 2538 1167 2600 esseut.
1212 2534 1284 2600 Ita·

185 2651 251 2714 que
275 2651 344 2716 pax
359 2633 488 2716 populo
503 2633 618 2699 Caeriti
632 2635 724 2712 data,
739 2633 960 2719 induciasque
975 2634 1008 2698 in
1023 2642 1158 2699 centnm
1173 2654 1281 2700 anuos

183 2731 290 2798 iactas
311 2733 346 2796 in
369 2742 505 2799 senatus
525 2733 710 2802 consultum
731 2734 843 2800 referri
866 2734 1006 2817 placuit.
1051 2734 1092 2798 ln
1113 2735 1278 2814 Faliscos,

183 2833 300 2897 eodem
324 2835 445 2900 noxios
470 2837 616 2914 crimine,
631 2836 684 2902 vis
707 2837 785 2901 belli
806 2855 966 2901 conversa
986 2841 1057 2900 est:
1083 2835 1143 2900 sed
1165 2836 1281 2902 hostes

182 2953 342 3018 nusquam
363 2934 500 3000 inventi.
544 2937 631 3002 (lum
645 2939 864 3021 populatione
878 2936 1045 3020 peragrati
1058 2935 1142 2998 fines
1155 2943 1279 3012 essent,

181 3035 224 3098 ab
248 3037 497 3120 oppugnatione
520 3039 649 3102 urbium
672 3043 906 3122 temperatumt
932 3035 1181 3118 legionibusque
1208 3035 1278 3098 Ro·

179 3154 267 3199 mam
292 3135 450 3215 reductis,
464 3135 623 3222 reliquum
648 3140 726 3203 anni
748 3139 851 3202 muris
869 3137 1079 3220 turribusque
1094 3133 1278 3200 reficiendis

179 3242 400 3316 consumtum,
415 3244 448 3303 et
462 3238 555 3303 mdes
569 3238 739 3321 Apollinis
753 3238 910 3303 dedicata
924 3242 987 3300 est.

220 3336 276 3400 21.
298 3337 455 3403 Extremo
477 3359 564 3406 anno
586 3339 725 3406 comitia
745 3339 936 3404 consularia
955 3341 1120 3400 certamen
1135 3335 1275 3399 Patrem

177 3455 220 3501 ac
241 3437 348 3519 plebis
361 3437 505 3519 diremit,
521 3441 661 3504 tribunis
675 3440 873 3522 negantibus
888 3454 1052 3520 passuros
1067 3434 1203 3500 comitia
1218 3435 1274 3500 ba-

175 3537 259 3613 beri,
280 3538 313 3600 ni
340 3539 523 3603 secuudum
549 3539 715 3606 Liciniam
737 3541 843 3621 legem
867 3537 1082 3616 haberentur3
1109 3535 1274 3602 dictatore

94 3645 97 3652 “
176 3637 346 3702 obstinato
375 3639 489 3704 tollere
513 3640 625 3723 potins
650 3645 756 3705 totum
779 3657 800 3703 e
827 3657 862 3703 re
888 3637 1024 3722 publicu
1045 3637 1271 3714 consulatum,

176 3757 279 3820 quam
300 3740 524 3821 promiscuum
547 3740 709 3808 Patribus
730 3760 771 3806 ac
786 3737 879 3824 plebi
892 3738 1015 3806 iacere.
1058 3735 1273 3801 Proletandis

668 3919 778 3973 NO'l'AE

206 4029 290 4080 ‘cern
309 4037 398 4094 prater
414 4032 478 4082 oium
498 4033 559 4083 attat
577 4031 704 4098 petissent]
745 4031 870 4080 ceritum
893 4041 998 4090 agrum:
1016 4022 1062 4072 red
1084 3988 1230 4073 ee'irinere
1246 4025 1273 4073 ia

173 4107 309 4156 Innoriunr
331 4107 383 4156 iter
404 4109 515 4171 petitum
535 4108 705 4172 significatur,
744 4118 834 4173 agrum
856 4103 999 4151 Βοιιιιιιοιιι
1022 4099 1150 4150 hostiliter
1170 4108 1272 4150 ιιιιιιι·

165 4189 202 4230 ὀι
229 4181 458 4246 Tarquiniensibus
486 4197 634 4235 cencessum
657 4198 705 4248 per
744 4181 805 4231 duur
817 4179 912 4228 ibatur.
