3150 4942
569 384 641 435 nra.
665 386 704 434 x.
728 388 810 436 car.
832 370 888 438 2⁷.
1191 370 1278 441 1349

178 548 262 605 esse,
277 528 496 611 captivosque
516 528 565 591 eis
585 546 625 593 ac
646 529 795 611 praedam
809 528 989 593 mammea.
1033 529 1185 595 Similius
1200 550 1277 597 rero

173 640 241 707 est,
266 648 287 693 a
311 629 411 693 Gallo
432 631 538 707 hoste,
560 648 663 712 quam
679 628 818 705 Umbro,
844 649 918 693 eam
934 629 1064 694 cladem
1083 643 1279 714 acceptam;

177 731 279 815 qnod,
296 750 371 795 cum
388 750 482 813 saepe
497 730 594 805 alias,
609 737 680 795 tum
696 750 736 793 eo
751 748 849 807 anno,
872 729 999 795 Gallici
1016 732 1178 795 tumultus
1194 752 1280 815 pree·

179 833 304 913 cipuns
320 838 421 895 terror
436 833 606 896 civitatem
631 833 748 896 tenuit.
796 832 917 915 ltaque
942 816 1280 917 praeterquamquod

176 935 275 997 ambo
297 933 448 997 consules
471 932 611 1013 profecti
637 933 679 995 ad
698 934 823 997 bellum
847 939 942 996 erant
967 953 1043 997 cum
1069 940 1210 1017 quatuor
1233 935 1281 999 le-

176 1034 342 1115 gionibus
365 1040 399 1097 et
420 1053 538 1115 magno
561 1035 709 1117 equitatu
734 1036 902 1112 Romanu,
921 1034 1171 1119 Campanisque
1192 1036 1281 1099 mille

175 1136 343 1216 equitibus
355 1134 503 1211 delectis,
527 1135 620 1199 adid
636 1136 763 1201 bellum
778 1137 907 1215 missis,
930 1145 966 1200 et
984 1137 1150 1200 sociorum
1173 1138 1282 1200 nomi·

175 1236 295 1317 nisque
309 1235 424 1299 Latini
445 1236 571 1320 majore
598 1240 761 1313 exercitu,
790 1257 891 1321 qnam
912 1236 1078 1317 Romani;
1091 1244 1117 1284 ¹⁵
1138 1238 1196 1301 alii
1213 1238 1280 1303 dno

173 1336 340 1401 exercitus
355 1337 444 1401 haud
467 1336 584 1418 procul
602 1336 695 1403 Urbe
711 1339 853 1403 Etruriae
872 1339 1040 1421 oppositi,‘
1063 1358 1149 1403 unus
1164 1339 1197 1401 in
1213 1339 1277 1403 Fa·

174 1435 271 1512 lisco,
294 1438 376 1501 alter
400 1440 434 1501 in
459 1438 626 1503 Vaticano
651 1459 741 1523 agro.
788 1441 849 1504 Cn.
871 1438 1014 1503 Fulvius
1036 1448 1071 1504 et
1093 1438 1133 1503 L.
1157 1438 1279 1504 Postu·

174 1536 263 1602 mins
295 1538 475 1619 Megellus,
512 1548 733 1623 propraetores
760 1543 873 1620 ambo,
902 1542 1028 1607 stativa
1056 1542 1092 1604 iu
1116 1542 1167 1605 eis
1194 1542 1279 1607 locis

174 1636 294 1703 habere
305 1638 408 1721 jussi.

216 1740 271 1804 27.
294 1740 459 1805 Consules
470 1741 513 1807 ad
524 1744 649 1819 hostes,
660 1750 874 1825 transgresso
887 1742 1110 1825 Apennino,¹⁶
1118 1744 1152 1807 in
1162 1763 1279 1825 agrum

173 1840 382 1905 Sentinatem
397 1838 443 1891 ¹⁷*
458 1852 689 1927 pervenerunt.
723 1844 776 1909 Ibi
792 1852 935 1927 quatuor
956 1843 1096 1907 millium
1110 1844 1213 1909 ferma
1229 1846 1279 1909 iu·

173 1942 315 2005 tervallo
331 1948 443 2008 castra
458 1946 578 2025 posita.
623 1945 719 2009 Inter
741 1951 856 2009 hostes
879 1944 1001 2007 deinde
1013 1946 1278 2011 consultationes

173 2042 297 2107 habitae
311 2064 320 2122 3
335 2052 437 2127 atque
447 2047 495 2111 ita
511 2046 735 2121 convenitne
751 2047 828 2109 unis
843 2045 964 2109 castris
978 2045 1194 2109 miscerentur
1208 2064 1279 2110 om·

173 2162 244 2220 nes,
260 2162 344 2209 neve
365 2147 400 2209 iu
416 2147 525 2210 aciem
537 2145 781 2211 descenderent
794 2145 906 2209 simul.
950 2146 1158 2208 Samnitibus
1172 2144 1278 2226 Galli,

174 2244 325 2308 Etruscis
337 2245 454 2311 Umbri
465 2246 597 2329 adjecti.
621 2246 706 2309 Dies
720 2246 846 2309 indicta
860 2245 1277 2329 puguae28amoiti¹⁸Gal
1385 2322 1390 2330 .

172 2345 281 2428 lisque
295 2347 447 2429 delegata
459 2366 588 2431 pugno:
602 2348 684 2411 inter
695 2349 806 2430 ipsum
816 2355 984 2411 certamen
996 2346 1130 2409 Etrusci
1141 2346 1276 2429 Umbri·

173 2466 237 2529 qne
248 2447 339 2529 J'ussi
352 2454 461 2511 castra
478 2447 637 2511 Romana
652 2466 860 2530 oppugnare.
907 2445 997 2511 Haec
1007 2448 1148 2513 consilia
1160 2449 1275 2513 turba-

173 2553 250 2610 runt
262 2548 442 2631 transfugae
455 2548 585 2613 Clusini
596 2557 673 2628 tres,
685 2550 770 2613 clam
780 2557 881 2613 nocte
891 2549 933 2612 od
946 2548 1089 2612 Fabium
1101 2550 1276 2614 consulem

172 2650 386 2730 transgressi:
402 2652 474 2732 qni,
486 2650 587 2715 editis
599 2650 740 2715 hostium
752 2650 916 2727 consiliis,
930 2648 1059 2713 dimissi
1074 2668 1150 2713 cum
1163 2649 1275 2729 donis,

175 2756 210 2814 ut
231 2750 384 2827 subinde,
404 2760 440 2815 nt
453 2771 597 2835 quaeque
611 2772 665 2815 res
686 2770 778 2815 nova
793 2752 929 2814 decreta
942 2758 1046 2827 esset,
1064 2750 1276 2831 exploratam

172 2850 360 2933 perferrent.
384 2852 551 2916 Consules
564 2852 800 2929 nutrientes
815 2850 968 2925 Falisco,
978 2850 1168 2927 Postumio,
1179 2860 1217 2915 ut
1231 2870 1276 2915 ex

177 2950 340 3015 Vaticano
364 2952 550 3016 exercitum
566 2952 608 3016 ad
626 2950 777 3015 Clusium
795 2950 1005 3026 admoveant,
1029 2970 1226 3034 summaque
1242 2951 1276 3014 ri

173 3052 257 3125 fines
271 3053 416 3119 hostium
433 3054 688 3137 depopulentur,
703 3052 865 3117 scribunt.
910 3050 1027 3132 Hujus
1042 3052 1274 3134 populationis
1395 3083 1404 3091 -

173 3154 263 3219 sama
278 3154 438 3219 Etruscos
453 3174 496 3221 ox
511 3174 589 3237 agro
605 3153 779 3221 Sentinate
795 3154 839 3217 ad
854 3172 936 3219 snos
950 3152 1033 3217 fines
1049 3152 1190 3219 tuendos
1205 3171 1275 3217 mo-

204 3312 212 3345 l
233 3315 324 3375 objecti
335 3317 445 3365 donno
455 3316 542 3364 iurem
550 3315 612 3364 troad
622 3312 704 3376 procu
715 3310 801 3361 Romo.

632 3440 707 3462 ΜΝ
711 3438 817 3460 ”mo

172 3529 235 3573 -15
254 3525 341 3573 Verba
360 3539 430 3586 quom
441 3524 546 3572 Restant
564 3524 731 3572 relrmnenter
749 3531 873 3585 arrapecta
887 3528 962 3570 eraut
973 3521 999 3573 J·
1017 3522 1060 3569 Fr.
1072 3520 1274 3569 tironensium

175 3588 279 3637 Romani
290 3589 333 3636 ulli
344 3589 388 3636 duo
399 3591 518 3637 eanredus
528 3588 595 3649 conj.
607 3586 666 3638 Jae.
677 3587 793 3636 Gronov.
805 3596 831 3635 et
843 3602 912 3650 qaum
922 3586 1031 3634 Ronmno
1045 3584 1116 3633 Dok.

210 3655 240 3699 lo
256 3654 263 3679 ⁴
277 3653 432 3711 Transgresso
444 3653 577 3716 Apennino,
590 3652 701 3713 passive,
720 3652 768 3699 nisi
788 3654 839 3715 leg.
854 3656 1015 3712 transgressor
1031 3648 1183 3710 Apenninum
1200 3646 1271 3709 (curu

179 3713 275 3779 Gran.)
287 3716 328 3764 vel
339 3715 472 3778 Apenrttno.
490 3716 551 3766 Vid.
562 3718 595 3766 nd
608 3730 633 3765 v.
649 3717 841 3766 aennon-1⁷
860 3716 901 3766 nt.
914 3716 1140 3765 Sentinatem—18
1156 3711 1274 3759 Samniti·

205 3923 264 3973 “In
284 3938 369 3986 ugron
394 3924 555 3987 Sentinatem]
583 3924 705 3975 Sentinas
745 3920 1081 3987 tinuvulgounncdieitur‚
1098 3919 1272 3969 testecluve·

173 4001 338 4051 Gentilltlnrn
348 4008 396 4057 est,
409 4001 539 4051 aSentino
550 4000 665 4049 Umbrio
677 4000 704 4049 in
745 4000 794 4049 rio.
827 3998 961 4049 Ferrarius
972 4012 1005 4045 ex
1017 3996 1072 4059 ejus
1090 3994 1171 4044 ruinis
1182 4003 1272 4044 aetum

173 4076 284 4126 cootirrio
296 4078 387 4127 Piceni
400 4076 565 4141 oppidatim
578 4077 603 4125 in
617 4075 704 4139 Apan·
745 4084 901 4141 uictumque
913 4080 988 4139 putat
999 4071 1122 4137 oppidum
1133 4070 1204 4121 Sesto
1214 4071 1273 4120 Fer·

174 4152 227 4199 nini
247 4153 313 4201 valle
334 4153 367 4202 nd
396 4166 495 4203 emnem
517 4152 704 4212 cognominem.
745 4155 806 4201 roto.

174 4241 223 4275 non
237 4230 327 4291 procul
342 4228 456 4279 fontibus
469 4228 536 4278 AEnis
547 4226 628 4277 dorii.
643 4224 702 4275 Sen-
