3150 4942
570 451 643 499 nm.
667 450 724 500 rx.
745 450 827 501 car.
848 439 881 501 7.
1189 440 1276 507 12oe

176 595 302 662 tristior
325 593 446 661 deiude
468 594 699 675 ignominiosa
725 597 823 679 pacis
848 591 967 679 mbgis,
994 616 1095 681 qnam
1120 600 1274 681 periculi,

180 698 319 762 nuntius
342 697 418 759 fnit.
461 694 517 759 Au
539 696 662 761 lamam
683 696 870 762 obsidionis
883 698 1036 763 delectus
1050 699 1167 765 baberi
1182 689 1274 784 coep·

179 804 235 866 tus
250 806 342 861 erat:
360 798 518 861 dimissus
530 796 650 861 deinde
666 798 868 862 auxiliorum
884 805 1081 883 apparatus,
1092 811 1277 885 postquam

178 899 379 963 deditionem
392 904 460 962 tam
474 896 562 962 soede
577 897 700 962 iactam
711 906 927 982 acccpcmnt3
949 900 1189 983 extemploque
1203 902 1277 966 sine

178 1000 249 1063 ulla
278 999 416 1081 publica
443 997 642 1061 auctoritate
669 1006 892 1063 consensum5
913 1000 949 1063 in
978 1020 1111 1065 omnem
1137 1002 1278 1067 formam

177 1096 305 1164 luctusi
328 1102 391 1163 est.
434 1098 598 1163 Tubernuc
625 1100 716 1163 circa
744 1097 851 1164 forum
876 1099 1019 1178 clausae,
1043 1101 1279 1185 justitiumque

178 1203 212 1265 in
237 1198 308 1265 loro
332 1212 396 1263 sua
422 1203 541 1281 sponte
566 1206 717 1282 coeptum
744 1200 850 1283 prius,
876 1220 977 1284 quam
1003 1201 1187 1267 indictum:
1218 1202 1279 1267 lati

178 1298 293 1378 clavi‚¹‘
317 1300 432 1363 annuli
456 1294 568 1363 aurei¹
589 1298 712 1382 positi3
735 1318 833 1382 paruo
855 1302 1008 1366 moestior
1029 1302 1181 1367 exercitu
1201 1304 1279 1385 ipso

179 1402 300 1467 civitas
315 1420 409 1466 esse:
431 1420 494 1464 nec
509 1399 652 1464 ducibus
666 1400 777 1465 solum
792 1407 894 1484 atquc
914 1404 1112 1467 auctoribus
1134 1422 1280 1485 sponso·

180 1500 338 1585 ribusque
354 1502 450 1584 pacis
465 1501 577 1578 irasci,
594 1500 655 1567 scd
671 1500 829 1567 innoxios
843 1502 944 1567 etiam
964 1503 1091 1567 milites
1105 1504 1231 1581 odisse,
1245 1511 1282 1568 et

181 1620 300 1684 negare
325 1601 419 1667 Urbe
443 1602 584 1666 tectisve
612 1600 842 1684 accipiendos.
886 1601 998 1679 Quam
1022 1602 1281 1668 concitationem

180 1703 364 1767 animorum
378 1702 474 1786 fregit
488 1700 650 1767 adrentus
672 1702 857 1779 exercitus,
875 1703 974 1766 etiem
993 1702 1090 1768 iratis
1109 1704 1283 1769 miserabi-

179 1804 237 1867 lis.
274 1804 352 1869 Non
363 1804 450 1867 enim
462 1808 622 1884 tanquam
637 1803 672 1866 in
688 1804 827 1885 patriam
840 1810 1039 1869 revertentes
1052 1824 1098 1868 ex
1112 1805 1282 1888 insperato

180 1904 378 1983 incolumes,
402 1904 461 1968 sed
485 1909 661 1987 captorum
686 1904 803 1969 habitu
817 1902 977 1986 vultuque
1001 1905 1142 1986 ingressi
1159 1924 1233 1969 sero
1247 1906 1283 1969 iu

182 2006 322 2081 Urbem,
336 2006 387 2071 ita
402 2025 438 2069 se
451 2004 485 2068 in
500 2006 573 2068 suis
587 2006 729 2087 quisque
748 2004 851 2069 tectis
865 2004 1076 2082 abdiderunt,
1091 2011 1128 2070 nt
1142 2012 1282 2087 postero

182 2114 284 2191 atque
303 2107 555 2189 insequentibus
570 2106 691 2169 diebus
705 2124 804 2169 nemo
824 2124 937 2169 eorum
960 2104 1067 2170 lorum
1088 2113 1150 2170 aut
1170 2104 1284 2188 publi-

182 2226 260 2271 cum
275 2206 426 2289 aspicere
440 2205 551 2271 vellet.
595 2203 779 2278 Consules,
795 2207 829 2267 in
844 2206 978 2287 privato
990 2206 1111 2283 abditi,
1124 2204 1207 2269 nibil
1222 2224 1283 2287 pro

183 2308 380 2389 magistratu
402 2326 514 2389 egere,
530 2292 606 2370 'nisi
629 2304 721 2389 qnod
744 2324 945 2389 expressum
968 2313 1108 2371 sanatus
1130 2304 1284 2369 consulto

182 2416 247 2485 est,
262 2415 298 2472 ut
312 2407 511 2471 dictatorem
526 2406 676 2471 dicerent
695 2406 904 2471 comitiorum
918 2425 1034 2471 cause.
1079 2404 1124 2484 Q.
1141 2406 1284 2469 Fabium

183 2507 391 2573 Ambustum
407 2507 572 2585 dixerunt,
587 2513 622 2571 et
637 2506 676 2569 P.
691 2506 819 2585 AElium
836 2506 967 2573 Paeturn
982 2506 1176 2587 magistrum
1191 2506 1283 2588 equi·

184 2616 267 2673 tum.
312 2608 445 2687 Quibus
460 2608 543 2671 vitio
568 2608 700 2684 creatis,
725 2606 856 2671 suffecti
884 2606 934 2671 M.
959 2606 1118 2672 AEmilioa
1144 2604 1287 2688 Papue⁶

186 2710 337 2787 dictator,
353 2708 393 2773 L.
408 2707 564 2773 Valerius
584 2707 732 2773 Flaccus
755 2708 912 2789 magister
931 2707 1090 2789 equitnm.
1135 2706 1212 2771 Nec
1225 2721 1287 2789 per

185 2830 247 2877 eos
271 2812 412 2875 comitia
437 2809 572 2875 habite:
602 2815 646 2886 et,
669 2810 749 2891 quia
776 2808 925 2873 taedebat
945 2810 1111 2891 populum
1136 2808 1287 2872 omnium

186 2912 441 2995 magistratuum
456 2911 529 2993 ejus
543 2910 631 2987 anni,
648 2928 700 2973 res
722 2908 765 2973 ud
787 2909 1003 2989 interregnum
1024 2908 1137 2971 rediit.
1182 2906 1288 2971 Inter·

644 3082 826 3110 omo!

188 3222 221 3255 ex
231 3219 318 3255 errore
330 3216 466 3267 operarum
480 3200 590 3251 Elecvir.
601 3206 659 3249 orta
669 3199 728 3250 ert!
740 3200 892 3263 Rapere-⁴
906 3196 947 3246 ΑΙ.
959 3196 1044 3247 lim
1052 3202 1077 3246 et
1087 3210 1139 3252 cue,
1150 3197 1191 3247 vel
1201 3196 1225 3245 ’et
1238 3196 1288 3245 Ro·

187 3286 232 3319 me
243 3274 343 3319 ιιι-5
362 3266 405 3315 ΑΙ.
421 3280 563 3329 emmaum,
578 3264 648 3329 quod
668 3264 743 3313 ratde
762 3263 863 3313 arridet
880 3261 992 3311 Banaro.
1027 3262 1089 3311 Vld.
1110 3261 1176 3310 Not.
1192 3262 1288 3317 Ver.-

188 3338 205 3383 b
222 3334 301 3397 Vulg.
312 3332 420 3395 Pupput.

685 3402 793 3457 Nom

221 3508 228 3541 ¹
246 3509 390 3557 Comum
409 3507 437 3555 in
453 3503 654 3562 onnmformm
670 3502 719 3551 luc·
793 3499 800 3534 ¹
814 3496 994 3560 Aeanticurer]
1005 3494 1290 3547 numinianum.

189 3583 241 3646 tur]
253 3582 295 3631 Sic
304 3582 395 3645 optirni
404 3581 518 3643 codices,
529 3578 555 3628 id
567 3587 616 3633 ert,
627 3578 719 3627 Rorna-
756 3590 782 3623 c·
791 3578 816 3625 l.
828 3574 924 3623 citatus
933 3587 948 3620 ι
957 3572 1032 3622 Glar.
1043 3571 1133 3623 scribit
1141 3572 1215 3634 longo
1224 3581 1288 3621 tenr-

191 3660 216 3708 ni
233 3671 358 3707 conuentu
381 3656 492 3719 amplexi
509 3659 570 3703 aunt
587 3666 718 3716 quoecum·
759 3663 822 3713 pore
833 3648 902 3699 inter
913 3647 1029 3711 privatos
1041 3646 1129 3696 Romu
1150 3646 1234 3695 nultos
1248 3645 1291 3695 t'u·

189 3732 491 3800 qneiulnctueolennia.
519 3728 720 3791 vulgetiorlcc·
758 3725 811 3774 lese
829 3724 1055 3773 anurnioaanreoe:
1073 3720 1289 3784 publiceteutrun

191 3810 236 3865 tie,
253 3808 461 3862 cmmnirc
482 3806 545 3856 itum
562 3812 604 3854 cat
623 3804 649 3853 in
665 3806 719 3854 luc·
757 3800 852 3864 legatia
863 3799 946 3848 daton.
981 3797 1050 3849 Quin
1062 3803 1091 3845 et
1102 3795 1290 3856 triumphantes

191 3890 255 3932 turn.
758 3874 852 3926 l'errcie
871 3888 941 3933 uror,
959 3880 1037 3937 atque
1055 3871 1093 3921 ita
1106 3869 1290 3931 triumphatum

222 3958 236 3992 ἱ
262 3956 321 4006 lati
339 3954 414 4018 etant]
440 3954 547 4017 Insigne
569 3954 720 4005 Senatorum
759 3951 817 4000 ec.
828 3948 981 4005 Merionen
996 3944 1030 3993 ab
1050 3956 1081 3990 eo
1093 3949 1205 3991 tumturn
1217 3956 1292 3991 eore-

190 4028 722 4092 t'uittuuienletoecleronpurpureosral·
762 4038 807 4073 um
823 4023 944 4072 annulum
967 4027 1028 4067 nate
1050 4017 1154 4066 tertium
1176 4017 1292 4067 consule·

192 4107 308 4158 ntflorea
327 4106 483 4155 intertexto·
500 4110 546 4153 aut
565 4110 664 4153 nautor
678 4102 722 4149 be·
763 4105 828 4149 tum.
860 4094 1009 4147 Dicendum
1032 4092 1112 4154 igitur
1132 4092 1224 4157 prieeie
1240 4093 1292 4143 illie

193 4184 274 4233 bene:
293 4182 407 4247 equitum
427 4178 507 4230 ventis
524 4178 659 4243 similibus,
675 4178 721 4227 sed
763 4170 923 4234 temporibus
934 4177 1110 4217 matronarum
1123 4167 1226 4216 ornatui
1237 4181 1293 4218 eet·
1383 4220 1389 4233 x

194 4255 386 4320 augustioribus
398 4256 479 4304 cloria
491 4262 593 4304 ornata.
764 4253 848 4312 ratos,
858 4261 875 4296 e
884 4244 976 4311 quibus
986 4257 1055 4293 nunc
1068 4242 1155 4307 positi.

260 4334 382 4397 neptae
395 4334 453 4383 Ver.
464 4334 530 4383 clue.
701 4328 794 4377 nictu.
1162 4326 1178 4373 t
1194 4323 1224 4371 Μ
