<?xml version="1.0" encoding="UTF-8"?>
<!DOCTYPE html PUBLIC "-//W3C//DTD XHTML 1.0 Transitional//EN"
    "http://www.w3.org/TR/xhtml1/DTD/xhtml1-transitional.dtd">
<html xmlns="http://www.w3.org/1999/xhtml" xml:lang="en" lang="en">
 <head>
  <title>
</title>
<meta http-equiv="Content-Type" content="text/html;charset=utf-8" />
  <meta name='ocr-system' content='tesseract 3.04.00' />
  <meta name='ocr-capabilities' content='ocr_page ocr_carea ocr_par ocr_line ocrx_word'/>
</head>
<body>
  <div class='ocr_page' id='page_1' title='image "./tliviipatavinih06rupegoog/tliviipatavinih06rupegoog_0073.png"; bbox 0 0 3150 4942; ppageno 0'>
   <div class='ocr_carea' id='block_1_1' title="bbox 576 399 1289 470">
    <p class='ocr_par' dir='ltr' id='par_1_1' title="bbox 576 399 1289 470">
     <span class='ocr_line' id='line_1_1' title="bbox 576 399 1289 470; baseline 0.006 -6"><span class='ocrx_word' id='word_1_1' title='bbox 576 415 646 466; x_wconf 81' lang='lat' dir='ltr'>cru.</span> <span class='ocrx_word' id='word_1_2' title='bbox 670 411 720 468; x_wconf 82' lang='lat' dir='ltr'>vr.</span> <span class='ocrx_word' id='word_1_3' title='bbox 743 417 826 470; x_wconf 78' lang='lat' dir='ltr'>oar.</span> <span class='ocrx_word' id='word_1_4' title='bbox 847 399 902 465; x_wconf 67' lang='lat'>3⁴3.</span> <span class='ocrx_word' id='word_1_5' title='bbox 1222 403 1289 470; x_wconf 73' lang='lat' dir='ltr'>ost</span> 
     </span>
    </p>
   </div>
   <div class='ocr_carea' id='block_1_2' title="bbox 188 554 1316 3267">
    <p class='ocr_par' dir='ltr' id='par_1_2' title="bbox 188 554 1316 3267">
     <span class='ocr_line' id='line_1_2' title="bbox 190 554 1316 646; baseline 0.004 -22"><span class='ocrx_word' id='word_1_6' title='bbox 190 575 313 640; x_wconf 81' lang='lat' dir='ltr'>pugnae</span> <span class='ocrx_word' id='word_1_7' title='bbox 327 557 447 634; x_wconf 79' lang='lat' dir='ltr'>tuerat,</span> <span class='ocrx_word' id='word_1_8' title='bbox 462 555 530 640; x_wconf 76' lang='lat' dir='ltr'>igni</span> <span class='ocrx_word' id='word_1_9' title='bbox 541 565 806 626; x_wconf 86' lang='lat' dir='ltr'>concremarent:</span> <span class='ocrx_word' id='word_1_10' title='bbox 829 577 890 626; x_wconf 88' lang='lat' dir='ltr'>neo</span> <span class='ocrx_word' id='word_1_11' title='bbox 907 557 1000 626; x_wconf 87' lang='lat' dir='ltr'>alind</span> <span class='ocrx_word' id='word_1_12' title='bbox 1009 565 1135 628; x_wconf 82' lang='lat' dir='ltr'>tanturn</span> <span class='ocrx_word' id='word_1_13' title='bbox 1144 559 1220 646; x_wconf 81' lang='lat' dir='ltr'>ojus</span> <span class='ocrx_word' id='word_1_14' title='bbox 1232 581 1289 629; x_wconf 89' lang='lat' dir='ltr'>sn·</span> <span class='ocrx_word' id='word_1_15' title='bbox 1313 554 1316 559; x_wconf 81' lang='grc'>’</span> 
     </span>
     <span class='ocr_line' id='line_1_3' title="bbox 190 656 1287 747; baseline 0.007 -23"><span class='ocrx_word' id='word_1_16' title='bbox 190 659 319 744; x_wconf 73' lang='lat' dir='ltr'>petiuit</span> <span class='ocrx_word' id='word_1_17' title='bbox 333 659 439 736; x_wconf 85' lang='lat' dir='ltr'>urbis,</span> <span class='ocrx_word' id='word_1_18' title='bbox 450 656 544 743; x_wconf 82' lang='lat' dir='ltr'>(curn</span> <span class='ocrx_word' id='word_1_19' title='bbox 558 660 652 726; x_wconf 85' lang='lat' dir='ltr'>faces</span> <span class='ocrx_word' id='word_1_20' title='bbox 667 663 790 744; x_wconf 86' lang='lat' dir='ltr'>pariter</span> <span class='ocrx_word' id='word_1_21' title='bbox 804 661 912 730; x_wconf 78' lang='lat' dir='ltr'>suono</span> <span class='ocrx_word' id='word_1_22' title='bbox 934 660 1147 746; x_wconf 71' lang='lat' dir='ltr'><strong>profanisque</strong></span> <span class='ocrx_word' id='word_1_23' title='bbox 1168 662 1287 747; x_wconf 80' lang='lat' dir='ltr'>injice·</span> 
     </span>
     <span class='ocr_line' id='line_1_4' title="bbox 191 758 1289 846; baseline 0.005 -22"><span class='ocrx_word' id='word_1_24' title='bbox 191 758 295 844; x_wconf 66' lang='lat' dir='ltr'>rent)</span> <span class='ocrx_word' id='word_1_25' title='bbox 310 781 408 846; x_wconf 87' lang='lat' dir='ltr'>quarn</span> <span class='ocrx_word' id='word_1_26' title='bbox 424 763 538 828; x_wconf 85' lang='lat' dir='ltr'>matris</span> <span class='ocrx_word' id='word_1_27' title='bbox 553 761 698 830; x_wconf 83' lang='lat' dir='ltr'>Matutae</span> <span class='ocrx_word' id='word_1_28' title='bbox 713 758 899 846; x_wconf 73' lang='lat' dir='ltr'>templum-¹</span> <span class='ocrx_word' id='word_1_29' title='bbox 925 763 1149 832; x_wconf 82' lang='lat' dir='ltr'>ludeeoonec</span> <span class='ocrx_word' id='word_1_30' title='bbox 1159 783 1222 832; x_wconf 82' lang='lat' dir='ltr'>suu</span> <span class='ocrx_word' id='word_1_31' title='bbox 1235 785 1289 830; x_wconf 84' lang='lat' dir='ltr'>re·</span> 
     </span>
     <span class='ocr_line' id='line_1_5' title="bbox 193 853 1290 944; baseline 0.001 -15"><span class='ocrx_word' id='word_1_32' title='bbox 193 861 288 944; x_wconf 71' lang='lat' dir='ltr'>ligio,</span> <span class='ocrx_word' id='word_1_33' title='bbox 301 882 361 932; x_wconf 87' lang='lat' dir='ltr'>uec</span> <span class='ocrx_word' id='word_1_34' title='bbox 377 860 576 942; x_wconf 80' lang='lat' dir='ltr'>verecundia</span> <span class='ocrx_word' id='word_1_35' title='bbox 600 863 708 932; x_wconf 85' lang='lat' dir='ltr'>Deum</span> <span class='ocrx_word' id='word_1_36' title='bbox 735 853 885 932; x_wconf 77' lang='lat' dir='ltr'>arcuisse</span> <span class='ocrx_word' id='word_1_37' title='bbox 906 863 1040 942; x_wconf 86' lang='lat' dir='ltr'>dicitur,</span> <span class='ocrx_word' id='word_1_38' title='bbox 1055 863 1113 931; x_wconf 88' lang='lat' dir='ltr'>sed</span> <span class='ocrx_word' id='word_1_39' title='bbox 1129 883 1197 934; x_wconf 80' lang='lat' dir='ltr'>rou</span> <span class='ocrx_word' id='word_1_40' title='bbox 1211 865 1290 931; x_wconf 84' lang='lat' dir='ltr'>hor·</span> 
     </span>
     <span class='ocr_line' id='line_1_6' title="bbox 190 962 1289 1047; baseline 0.006 -21"><span class='ocrx_word' id='word_1_41' title='bbox 190 962 306 1038; x_wconf 84' lang='lat' dir='ltr'>reuda,</span> <span class='ocrx_word' id='word_1_42' title='bbox 326 962 415 1026; x_wconf 89' lang='lat' dir='ltr'>edita</span> <span class='ocrx_word' id='word_1_43' title='bbox 426 963 551 1045; x_wconf 87' lang='lat' dir='ltr'>templo</span> <span class='ocrx_word' id='word_1_44' title='bbox 566 983 641 1028; x_wconf 86' lang='lat' dir='ltr'>cum</span> <span class='ocrx_word' id='word_1_45' title='bbox 661 963 810 1028; x_wconf 82' lang='lat' dir='ltr'>tristibus</span> <span class='ocrx_word' id='word_1_46' title='bbox 825 964 936 1042; x_wconf 72' lang='lat' dir='ltr'>minio,</span> <span class='ocrx_word' id='word_1_47' title='bbox 961 965 997 1028; x_wconf 90' lang='lat' dir='ltr'>ni</span> <span class='ocrx_word' id='word_1_48' title='bbox 1012 964 1174 1029; x_wconf 83' lang='lat' dir='ltr'>nefandos</span> <span class='ocrx_word' id='word_1_49' title='bbox 1193 966 1289 1047; x_wconf 78' lang='lat' dir='ltr'>ignes</span> 
     </span>
     <span class='ocr_line' id='line_1_7' title="bbox 191 1065 1289 1153; baseline 0 -21"><span class='ocrx_word' id='word_1_50' title='bbox 191 1065 306 1148; x_wconf 88' lang='lat' dir='ltr'>procul</span> <span class='ocrx_word' id='word_1_51' title='bbox 330 1066 480 1132; x_wconf 83' lang='lat' dir='ltr'>delubris</span> <span class='ocrx_word' id='word_1_52' title='bbox 512 1068 729 1134; x_wconf 82' lang='lat' dir='ltr'>amovissout.</span> <span class='ocrx_word' id='word_1_53' title='bbox 773 1066 937 1134; x_wconf 81' lang='lat' dir='ltr'>Incensos</span> <span class='ocrx_word' id='word_1_54' title='bbox 964 1087 1008 1134; x_wconf 87' lang='lat' dir='ltr'>aa</span> <span class='ocrx_word' id='word_1_55' title='bbox 1026 1068 1119 1134; x_wconf 81' lang='lat' dir='ltr'>rabie</span> <span class='ocrx_word' id='word_1_56' title='bbox 1141 1069 1289 1153; x_wconf 83' lang='lat' dir='ltr'>impetus</span> 
     </span>
     <span class='ocr_line' id='line_1_8' title="bbox 190 1165 1288 1250; baseline 0.003 -16"><span class='ocrx_word' id='word_1_57' title='bbox 190 1165 377 1234; x_wconf 73' lang='lat' dir='ltr'>Tusculum</span> <span class='ocrx_word' id='word_1_58' title='bbox 392 1166 481 1244; x_wconf 89' lang='lat' dir='ltr'>tulit,</span> <span class='ocrx_word' id='word_1_59' title='bbox 497 1168 542 1232; x_wconf 88' lang='lat' dir='ltr'>ob</span> <span class='ocrx_word' id='word_1_60' title='bbox 557 1167 652 1244; x_wconf 85' lang='lat' dir='ltr'>iram,</span> <span class='ocrx_word' id='word_1_61' title='bbox 667 1167 771 1250; x_wconf 87' lang='lat' dir='ltr'>quod,</span> <span class='ocrx_word' id='word_1_62' title='bbox 786 1167 924 1234; x_wconf 86' lang='lat' dir='ltr'>deserto</span> <span class='ocrx_word' id='word_1_63' title='bbox 948 1170 1115 1236; x_wconf 85' lang='lat' dir='ltr'>conrrnuui</span> <span class='ocrx_word' id='word_1_64' title='bbox 1140 1170 1288 1237; x_wconf 87' lang='lat' dir='ltr'>coneilio</span> 
     </span>
     <span class='ocr_line' id='line_1_9' title="bbox 188 1265 1290 1347; baseline 0.002 -11"><span class='ocrx_word' id='word_1_65' title='bbox 188 1265 401 1344; x_wconf 71' lang='lat' dir='ltr'>latinorum,</span> <span class='ocrx_word' id='word_1_66' title='bbox 410 1286 475 1334; x_wconf 92' lang='lat' dir='ltr'>nou</span> <span class='ocrx_word' id='word_1_67' title='bbox 490 1267 526 1332; x_wconf 91' lang='lat' dir='ltr'>in</span> <span class='ocrx_word' id='word_1_68' title='bbox 536 1268 734 1334; x_wconf 85' lang='lat' dir='ltr'>societatem</span> <span class='ocrx_word' id='word_1_69' title='bbox 745 1267 847 1334; x_wconf 85' lang='lat' dir='ltr'>modo</span> <span class='ocrx_word' id='word_1_70' title='bbox 858 1267 1059 1347; x_wconf 86' lang='lat' dir='ltr'>Romanam,</span> <span class='ocrx_word' id='word_1_71' title='bbox 1074 1270 1134 1336; x_wconf 86' lang='lat' dir='ltr'>sed</span> <span class='ocrx_word' id='word_1_72' title='bbox 1143 1270 1246 1336; x_wconf 79' lang='lat' dir='ltr'>edam</span> <span class='ocrx_word' id='word_1_73' title='bbox 1255 1271 1290 1338; x_wconf 89' lang='lat' dir='ltr'>in</span> 
     </span>
     <span class='ocr_line' id='line_1_10' title="bbox 189 1368 1291 1454; baseline 0.004 -18"><span class='ocrx_word' id='word_1_74' title='bbox 189 1369 375 1444; x_wconf 79' lang='lat' dir='ltr'>civitatem,</span> <span class='ocrx_word' id='word_1_75' title='bbox 390 1389 430 1440; x_wconf 80' lang='lat' dir='ltr'>se</span> <span class='ocrx_word' id='word_1_76' title='bbox 451 1368 634 1436; x_wconf 86' lang='lat' dir='ltr'>dedissent.</span> <span class='ocrx_word' id='word_1_77' title='bbox 678 1369 876 1436; x_wconf 78' lang='lat' dir='ltr'>Potentibus</span> <span class='ocrx_word' id='word_1_78' title='bbox 887 1371 992 1452; x_wconf 78' lang='lat' dir='ltr'>portis</span> <span class='ocrx_word' id='word_1_79' title='bbox 1014 1390 1091 1436; x_wconf 88' lang='lat' dir='ltr'>oum</span> <span class='ocrx_word' id='word_1_80' title='bbox 1106 1371 1291 1454; x_wconf 79' lang='lat' dir='ltr'>improviso</span> 
     </span>
     <span class='ocr_line' id='line_1_11' title="bbox 190 1467 1288 1554; baseline 0 -16"><span class='ocrx_word' id='word_1_81' title='bbox 190 1467 399 1548; x_wconf 72' lang='lat' dir='ltr'><strong>incidissent,</strong></span> <span class='ocrx_word' id='word_1_82' title='bbox 425 1471 533 1552; x_wconf 86' lang='lat' dir='ltr'>primo</span> <span class='ocrx_word' id='word_1_83' title='bbox 547 1471 693 1538; x_wconf 85' lang='lat' dir='ltr'>elamore</span> <span class='ocrx_word' id='word_1_84' title='bbox 709 1469 873 1554; x_wconf 83' lang='lat' dir='ltr'>oppidum</span> <span class='ocrx_word' id='word_1_85' title='bbox 888 1479 1009 1554; x_wconf 76' lang='lat' dir='ltr'>prator</span> <span class='ocrx_word' id='word_1_86' title='bbox 1024 1491 1135 1537; x_wconf 86' lang='lat' dir='ltr'>arcem</span> <span class='ocrx_word' id='word_1_87' title='bbox 1149 1478 1288 1554; x_wconf 86' lang='lat' dir='ltr'>captum</span> 
     </span>
     <span class='ocr_line' id='line_1_12' title="bbox 191 1563 1289 1657; baseline 0 -19"><span class='ocrx_word' id='word_1_88' title='bbox 191 1575 255 1638; x_wconf 79' lang='lat' dir='ltr'>est.</span> <span class='ocrx_word' id='word_1_89' title='bbox 282 1570 322 1638; x_wconf 89' lang='lat' dir='ltr'>Iu</span> <span class='ocrx_word' id='word_1_90' title='bbox 338 1590 451 1640; x_wconf 84' lang='lat' dir='ltr'>ercam</span> <span class='ocrx_word' id='word_1_91' title='bbox 465 1570 630 1654; x_wconf 79' lang='lat' dir='ltr'>oppidani</span> <span class='ocrx_word' id='word_1_92' title='bbox 643 1563 793 1657; x_wconf 75' lang='lat' dir='ltr'>reingero</span> <span class='ocrx_word' id='word_1_93' title='bbox 807 1591 883 1636; x_wconf 86' lang='lat' dir='ltr'>cum</span> <span class='ocrx_word' id='word_1_94' title='bbox 893 1572 1094 1655; x_wconf 74' lang='lat' dir='ltr'>conjugibus</span> <span class='ocrx_word' id='word_1_95' title='bbox 1109 1592 1149 1637; x_wconf 81' lang='lat' dir='ltr'>ac</span> <span class='ocrx_word' id='word_1_96' title='bbox 1160 1572 1289 1649; x_wconf 84' lang='lat' dir='ltr'>liberis,</span> 
     </span>
     <span class='ocr_line' id='line_1_13' title="bbox 189 1669 1290 1754; baseline 0.003 -16"><span class='ocrx_word' id='word_1_97' title='bbox 189 1671 390 1754; x_wconf 71' lang='lat' dir='ltr'>nuntiosque</span> <span class='ocrx_word' id='word_1_98' title='bbox 406 1669 562 1750; x_wconf 85' lang='lat' dir='ltr'>Romam,</span> <span class='ocrx_word' id='word_1_99' title='bbox 576 1670 633 1754; x_wconf 86' lang='lat' dir='ltr'>qni</span> <span class='ocrx_word' id='word_1_100' title='bbox 649 1674 822 1738; x_wconf 85' lang='lat' dir='ltr'>certiorem</span> <span class='ocrx_word' id='word_1_101' title='bbox 833 1672 875 1738; x_wconf 89' lang='lat' dir='ltr'>de</span> <span class='ocrx_word' id='word_1_102' title='bbox 890 1691 953 1738; x_wconf 88' lang='lat' dir='ltr'>suo</span> <span class='ocrx_word' id='word_1_103' title='bbox 969 1691 1053 1738; x_wconf 75' lang='lat' dir='ltr'>casu</span> <span class='ocrx_word' id='word_1_104' title='bbox 1073 1681 1227 1740; x_wconf 82' lang='lat' dir='ltr'>renatum</span> <span class='ocrx_word' id='word_1_105' title='bbox 1240 1673 1290 1741; x_wconf 57' lang='lat' dir='ltr'>ta*</span> 
     </span>
     <span class='ocr_line' id='line_1_14' title="bbox 190 1771 1290 1858; baseline 0.004 -20"><span class='ocrx_word' id='word_1_106' title='bbox 190 1780 314 1847; x_wconf 86' lang='lat' dir='ltr'>nerent,</span> <span class='ocrx_word' id='word_1_107' title='bbox 330 1772 461 1838; x_wconf 86' lang='lat' dir='ltr'>misero.</span> <span class='ocrx_word' id='word_1_108' title='bbox 505 1771 612 1838; x_wconf 83' lang='lat' dir='ltr'>Haud</span> <span class='ocrx_word' id='word_1_109' title='bbox 627 1773 772 1855; x_wconf 77' lang='lat' dir='ltr'>segnius,</span> <span class='ocrx_word' id='word_1_110' title='bbox 796 1791 897 1856; x_wconf 87' lang='lat' dir='ltr'>quam</span> <span class='ocrx_word' id='word_1_111' title='bbox 911 1771 979 1839; x_wconf 85' lang='lat' dir='ltr'>tide</span> <span class='ocrx_word' id='word_1_112' title='bbox 1000 1773 1119 1858; x_wconf 88' lang='lat' dir='ltr'>populi</span> <span class='ocrx_word' id='word_1_113' title='bbox 1142 1771 1290 1842; x_wconf 81' lang='lat' dir='ltr'>Romani</span> 
     </span>
     <span class='ocr_line' id='line_1_15' title="bbox 191 1870 1290 1953; baseline -0.003 -11"><span class='ocrx_word' id='word_1_114' title='bbox 191 1870 329 1953; x_wconf 75' lang='lat' dir='ltr'>dignum</span> <span class='ocrx_word' id='word_1_115' title='bbox 338 1871 414 1948; x_wconf 82' lang='lat' dir='ltr'>suit,</span> <span class='ocrx_word' id='word_1_116' title='bbox 424 1873 591 1940; x_wconf 80' lang='lat' dir='ltr'>exercituo</span> <span class='ocrx_word' id='word_1_117' title='bbox 601 1871 785 1940; x_wconf 85' lang='lat' dir='ltr'>Tusculum</span> <span class='ocrx_word' id='word_1_118' title='bbox 796 1871 925 1939; x_wconf 81' lang='lat' dir='ltr'>duetus.</span> <span class='ocrx_word' id='word_1_119' title='bbox 949 1873 989 1940; x_wconf 87' lang='lat' dir='ltr'>L.</span> <span class='ocrx_word' id='word_1_120' title='bbox 998 1871 1162 1952; x_wconf 85' lang='lat' dir='ltr'>Quintius</span> <span class='ocrx_word' id='word_1_121' title='bbox 1171 1881 1207 1939; x_wconf 92' lang='lat' dir='ltr'>et</span> <span class='ocrx_word' id='word_1_122' title='bbox 1216 1872 1290 1943; x_wconf 81' lang='lat' dir='ltr'>Ser.</span> 
     </span>
     <span class='ocr_line' id='line_1_16' title="bbox 189 1970 1290 2056; baseline -0.004 -14"><span class='ocrx_word' id='word_1_123' title='bbox 189 1972 361 2056; x_wconf 76' lang='lat' dir='ltr'>Sulpicius</span> <span class='ocrx_word' id='word_1_124' title='bbox 379 1971 503 2039; x_wconf 87' lang='lat' dir='ltr'>tribuni</span> <span class='ocrx_word' id='word_1_125' title='bbox 518 1972 659 2040; x_wconf 88' lang='lat' dir='ltr'>militum</span> <span class='ocrx_word' id='word_1_126' title='bbox 671 1970 810 2040; x_wconf 83' lang='lat' dir='ltr'>duxere.</span> <span class='ocrx_word' id='word_1_127' title='bbox 853 1970 998 2040; x_wconf 84' lang='lat' dir='ltr'>Clausus</span> <span class='ocrx_word' id='word_1_128' title='bbox 1012 1980 1128 2056; x_wconf 85' lang='lat' dir='ltr'>portas</span> <span class='ocrx_word' id='word_1_129' title='bbox 1136 1973 1290 2050; x_wconf 60' lang='lat' dir='ltr'>henli,</span> 
     </span>
     <span class='ocr_line' id='line_1_17' title="bbox 191 2071 1288 2156; baseline -0.005 -12"><span class='ocrx_word' id='word_1_130' title='bbox 191 2072 401 2154; x_wconf 68' lang='lat' dir='ltr'>latinosque</span> <span class='ocrx_word' id='word_1_131' title='bbox 424 2073 522 2138; x_wconf 83' lang='lat' dir='ltr'>simul</span> <span class='ocrx_word' id='word_1_132' title='bbox 551 2071 779 2140; x_wconf 75' lang='lat' dir='ltr'>obsidentium</span> <span class='ocrx_word' id='word_1_133' title='bbox 809 2077 911 2156; x_wconf 91' lang='lat' dir='ltr'>atque</span> <span class='ocrx_word' id='word_1_134' title='bbox 934 2074 1148 2141; x_wconf 81' lang='lat' dir='ltr'>obsessorum</span> <span class='ocrx_word' id='word_1_135' title='bbox 1173 2075 1288 2142; x_wconf 86' lang='lat' dir='ltr'>animo</span> 
     </span>
     <span class='ocr_line' id='line_1_18' title="bbox 190 2171 1290 2256; baseline -0.004 -14"><span class='ocrx_word' id='word_1_136' title='bbox 190 2172 271 2242; x_wconf 82' lang='lat' dir='ltr'>irinc</span> <span class='ocrx_word' id='word_1_137' title='bbox 286 2174 411 2240; x_wconf 81' lang='lat' dir='ltr'>moenia</span> <span class='ocrx_word' id='word_1_138' title='bbox 424 2173 590 2242; x_wconf 73' lang='grc' dir='ltr'>ΤιιεοιιΙὶς</span> <span class='ocrx_word' id='word_1_139' title='bbox 606 2173 690 2240; x_wconf 88' lang='lat' dir='ltr'>tueri</span> <span class='ocrx_word' id='word_1_140' title='bbox 705 2171 834 2249; x_wconf 85' lang='lat' dir='ltr'>vident,</span> <span class='ocrx_word' id='word_1_141' title='bbox 845 2173 938 2240; x_wconf 89' lang='lat' dir='ltr'>illino</span> <span class='ocrx_word' id='word_1_142' title='bbox 951 2191 1290 2256; x_wconf 72' lang='lat' dir='ltr'>arcemnppnguaro;</span> 
     </span>
     <span class='ocr_line' id='line_1_19' title="bbox 192 2272 1290 2356; baseline 0.003 -16"><span class='ocrx_word' id='word_1_143' title='bbox 192 2275 313 2344; x_wconf 61' lang='lat' dir='ltr'>urrato</span> <span class='ocrx_word' id='word_1_144' title='bbox 328 2293 394 2338; x_wconf 85' lang='lat' dir='ltr'>una</span> <span class='ocrx_word' id='word_1_145' title='bbox 408 2293 449 2340; x_wconf 82' lang='lat' dir='ltr'>ac</span> <span class='ocrx_word' id='word_1_146' title='bbox 465 2283 613 2356; x_wconf 78' lang='lat' dir='ltr'>parere-⁸</span> <span class='ocrx_word' id='word_1_147' title='bbox 656 2272 835 2340; x_wconf 76' lang='lat' dir='ltr'>Adventus</span> <span class='ocrx_word' id='word_1_148' title='bbox 856 2273 1085 2344; x_wconf 80' lang='lat' dir='ltr'>Romanorum</span> <span class='ocrx_word' id='word_1_149' title='bbox 1103 2279 1290 2343; x_wconf 83' lang='lat' dir='ltr'>mutaverat</span> 
     </span>
     <span class='ocr_line' id='line_1_20' title="bbox 195 2373 1290 2464; baseline 0 -22"><span class='ocrx_word' id='word_1_150' title='bbox 195 2374 499 2464; x_wconf 75' lang='lat' dir='ltr'>utriusquepartis</span> <span class='ocrx_word' id='word_1_151' title='bbox 520 2374 658 2442; x_wconf 83' lang='lat' dir='ltr'>animos.</span> <span class='ocrx_word' id='word_1_152' title='bbox 700 2375 914 2443; x_wconf 79' lang='lat' dir='ltr'>Tusculanos</span> <span class='ocrx_word' id='word_1_153' title='bbox 928 2392 973 2442; x_wconf 79' lang='lat' dir='ltr'>ex</span> <span class='ocrx_word' id='word_1_154' title='bbox 990 2373 1117 2456; x_wconf 77' lang='lat' dir='ltr'>ingenti</span> <span class='ocrx_word' id='word_1_155' title='bbox 1138 2381 1231 2442; x_wconf 83' lang='lat' dir='ltr'>metu</span> <span class='ocrx_word' id='word_1_156' title='bbox 1254 2373 1290 2444; x_wconf 90' lang='lat' dir='ltr'>in</span> 
     </span>
     <span class='ocr_line' id='line_1_21' title="bbox 193 2475 1288 2560; baseline 0.006 -21"><span class='ocrx_word' id='word_1_157' title='bbox 193 2493 361 2542; x_wconf 79' lang='lat' dir='ltr'>summam</span> <span class='ocrx_word' id='word_1_158' title='bbox 382 2476 599 2552; x_wconf 77' lang='lat' dir='ltr'>alacritatem,</span> <span class='ocrx_word' id='word_1_159' title='bbox 616 2475 759 2542; x_wconf 85' lang='lat' dir='ltr'>Latinos</span> <span class='ocrx_word' id='word_1_160' title='bbox 780 2495 825 2542; x_wconf 81' lang='lat' dir='ltr'>ex</span> <span class='ocrx_word' id='word_1_161' title='bbox 838 2496 944 2560; x_wconf 85' lang='lat' dir='ltr'>prope</span> <span class='ocrx_word' id='word_1_162' title='bbox 959 2485 1052 2543; x_wconf 86' lang='lat' dir='ltr'>certa</span> <span class='ocrx_word' id='word_1_163' title='bbox 1068 2475 1195 2542; x_wconf 85' lang='lat' dir='ltr'>fiducia</span> <span class='ocrx_word' id='word_1_164' title='bbox 1207 2493 1288 2546; x_wconf 76' lang='lat' dir='ltr'>mou</span> 
     </span>
     <span class='ocr_line' id='line_1_22' title="bbox 191 2575 1289 2664; baseline -0.004 -18"><span class='ocrx_word' id='word_1_165' title='bbox 191 2577 367 2660; x_wconf 77' lang='lat' dir='ltr'>sapiendae</span> <span class='ocrx_word' id='word_1_166' title='bbox 381 2579 480 2655; x_wconf 86' lang='lat' dir='ltr'>arcis,</span> <span class='ocrx_word' id='word_1_167' title='bbox 493 2579 653 2661; x_wconf 87' lang='lat' dir='ltr'>quoniam</span> <span class='ocrx_word' id='word_1_168' title='bbox 666 2578 795 2664; x_wconf 88' lang='lat' dir='ltr'>oppido</span> <span class='ocrx_word' id='word_1_169' title='bbox 812 2578 1007 2660; x_wconf 82' lang='lat' dir='ltr'>potirentur,</span> <span class='ocrx_word' id='word_1_170' title='bbox 1021 2576 1056 2644; x_wconf 87' lang='lat' dir='ltr'>tu</span> <span class='ocrx_word' id='word_1_171' title='bbox 1071 2576 1230 2658; x_wconf 81' lang='lat' dir='ltr'>exiguom</span> <span class='ocrx_word' id='word_1_172' title='bbox 1245 2575 1289 2643; x_wconf 89' lang='lat' dir='ltr'>de</span> 
     </span>
     <span class='ocr_line' id='line_1_23' title="bbox 191 2677 1287 2762; baseline -0.003 -20"><span class='ocrx_word' id='word_1_173' title='bbox 191 2677 326 2761; x_wconf 81' lang='lat' dir='ltr'>seipsis</span> <span class='ocrx_word' id='word_1_174' title='bbox 338 2699 434 2762; x_wconf 85' lang='lat' dir='ltr'>spem</span> <span class='ocrx_word' id='word_1_175' title='bbox 451 2686 603 2747; x_wconf 82' lang='lat' dir='ltr'>verterat.</span> <span class='ocrx_word' id='word_1_176' title='bbox 646 2677 792 2745; x_wconf 86' lang='lat' dir='ltr'>Tollitur</span> <span class='ocrx_word' id='word_1_177' title='bbox 805 2698 850 2742; x_wconf 87' lang='lat' dir='ltr'>ex</span> <span class='ocrx_word' id='word_1_178' title='bbox 861 2699 937 2744; x_wconf 86' lang='lat' dir='ltr'>arce</span> <span class='ocrx_word' id='word_1_179' title='bbox 954 2679 1081 2744; x_wconf 87' lang='lat' dir='ltr'>elamor</span> <span class='ocrx_word' id='word_1_180' title='bbox 1096 2679 1140 2742; x_wconf 90' lang='lat' dir='ltr'>ab</span> <span class='ocrx_word' id='word_1_181' title='bbox 1154 2678 1287 2741; x_wconf 83' lang='lat' dir='ltr'>Tuscu·</span> 
     </span>
     <span class='ocr_line' id='line_1_24' title="bbox 190 2777 1286 2868; baseline -0.002 -26"><span class='ocrx_word' id='word_1_182' title='bbox 190 2779 298 2844; x_wconf 83' lang='lat' dir='ltr'>lanis:</span> <span class='ocrx_word' id='word_1_183' title='bbox 321 2780 488 2865; x_wconf 83' lang='lat' dir='ltr'>excipitur</span> <span class='ocrx_word' id='word_1_184' title='bbox 510 2780 681 2864; x_wconf 87' lang='lat' dir='ltr'>aliquanto</span> <span class='ocrx_word' id='word_1_185' title='bbox 705 2778 856 2865; x_wconf 85' lang='lat' dir='ltr'>majorc⁶</span> <span class='ocrx_word' id='word_1_186' title='bbox 876 2779 921 2842; x_wconf 87' lang='lat' dir='ltr'>ab</span> <span class='ocrx_word' id='word_1_187' title='bbox 946 2780 1095 2844; x_wconf 83' lang='lat' dir='ltr'>exercitu</span> <span class='ocrx_word' id='word_1_188' title='bbox 1118 2777 1286 2868; x_wconf 80' lang='lat' dir='ltr'>Romano.</span> 
     </span>
     <span class='ocr_line' id='line_1_25' title="bbox 193 2876 1288 2973; baseline -0.005 -29"><span class='ocrx_word' id='word_1_189' title='bbox 193 2879 536 2964; x_wconf 78' lang='lat' dir='ltr'>Utrimqueurgentur</span> <span class='ocrx_word' id='word_1_190' title='bbox 550 2881 680 2950; x_wconf 84' lang='lat' dir='ltr'>Latini:</span> <span class='ocrx_word' id='word_1_191' title='bbox 696 2899 759 2947; x_wconf 86' lang='lat' dir='ltr'>uec</span> <span class='ocrx_word' id='word_1_192' title='bbox 775 2879 920 2965; x_wconf 78' lang='lat' dir='ltr'>impetus</span> <span class='ocrx_word' id='word_1_193' title='bbox 933 2876 1219 2973; x_wconf 24' lang='lat' dir='ltr'>Tusculanorum&amp;</span> <span class='ocrx_word' id='word_1_194' title='bbox 1229 2876 1288 2939; x_wconf 84' lang='lat' dir='ltr'>do·</span> 
     </span>
     <span class='ocr_line' id='line_1_26' title="bbox 191 2971 1288 3065; baseline -0.007 -19"><span class='ocrx_word' id='word_1_195' title='bbox 191 2983 389 3046; x_wconf 86' lang='lat' dir='ltr'>currentium</span> <span class='ocrx_word' id='word_1_196' title='bbox 411 3001 457 3048; x_wconf 80' lang='lat' dir='ltr'>ex</span> <span class='ocrx_word' id='word_1_197' title='bbox 484 2982 657 3065; x_wconf 87' lang='lat' dir='ltr'>superiore</span> <span class='ocrx_word' id='word_1_198' title='bbox 682 2982 772 3059; x_wconf 88' lang='lat' dir='ltr'>loco,</span> <span class='ocrx_word' id='word_1_199' title='bbox 797 2982 984 3059; x_wconf 87' lang='lat' dir='ltr'>sustinent;</span> <span class='ocrx_word' id='word_1_200' title='bbox 1016 2998 1076 3043; x_wconf 89' lang='lat' dir='ltr'>nec</span> <span class='ocrx_word' id='word_1_201' title='bbox 1102 2971 1288 3051; x_wconf 83' lang='lat' dir='ltr'>Romanos,</span> 
     </span>
     <span class='ocr_line' id='line_1_27' title="bbox 192 3081 1289 3166; baseline -0.006 -20"><span class='ocrx_word' id='word_1_202' title='bbox 192 3083 376 3147; x_wconf 82' lang='lat' dir='ltr'>subeuntes</span> <span class='ocrx_word' id='word_1_203' title='bbox 400 3083 524 3147; x_wconf 85' lang='lat' dir='ltr'>moenin</span> <span class='ocrx_word' id='word_1_204' title='bbox 547 3081 794 3166; x_wconf 87' lang='lat' dir='ltr'>molientesque</span> <span class='ocrx_word' id='word_1_205' title='bbox 825 3082 943 3145; x_wconf 85' lang='lat' dir='ltr'>obices</span> <span class='ocrx_word' id='word_1_206' title='bbox 969 3086 1150 3161; x_wconf 88' lang='lat' dir='ltr'>portarum,</span> <span class='ocrx_word' id='word_1_207' title='bbox 1175 3096 1289 3140; x_wconf 87' lang='lat' dir='ltr'>arcere</span> 
     </span>
     <span class='ocr_line' id='line_1_28' title="bbox 193 3179 1289 3267; baseline -0.006 -18"><span class='ocrx_word' id='word_1_208' title='bbox 193 3189 350 3265; x_wconf 80' lang='lat' dir='ltr'>possunt.</span> <span class='ocrx_word' id='word_1_209' title='bbox 393 3183 504 3250; x_wconf 85' lang='lat' dir='ltr'>Scalis</span> <span class='ocrx_word' id='word_1_210' title='bbox 519 3184 613 3267; x_wconf 82' lang='lat' dir='ltr'>prius</span> <span class='ocrx_word' id='word_1_211' title='bbox 623 3185 751 3248; x_wconf 82' lang='lat' dir='ltr'>moenia</span> <span class='ocrx_word' id='word_1_212' title='bbox 762 3182 983 3265; x_wconf 73' lang='lat' dir='ltr'>captu3inde</span> <span class='ocrx_word' id='word_1_213' title='bbox 992 3179 1130 3248; x_wconf 80' lang='lat' dir='ltr'>effracto</span> <span class='ocrx_word' id='word_1_214' title='bbox 1141 3179 1289 3248; x_wconf 84' lang='lat' dir='ltr'>claustra</span> 
     </span>
    </p>
   </div>
   <div class='ocr_carea' id='block_1_3' title="bbox 191 3469 1290 3610">
    <p class='ocr_par' dir='ltr' id='par_1_3' title="bbox 191 3469 1290 3610">
     <span class='ocr_line' id='line_1_29' title="bbox 224 3469 1290 3537; baseline 0 -11"><span class='ocrx_word' id='word_1_215' title='bbox 224 3478 241 3526; x_wconf 76' lang='lat' dir='ltr'>t</span> <span class='ocrx_word' id='word_1_216' title='bbox 256 3473 329 3526; x_wconf 79' lang='lat' dir='ltr'>‘Vox</span> <span class='ocrx_word' id='word_1_217' title='bbox 342 3474 436 3530; x_wconf 64' lang='lat' dir='ltr'>tusculi</span> <span class='ocrx_word' id='word_1_218' title='bbox 447 3471 516 3528; x_wconf 86' lang='lat' dir='ltr'>t&#39;orte</span> <span class='ocrx_word' id='word_1_219' title='bbox 528 3479 569 3523; x_wconf 84' lang='lat' dir='ltr'>ert</span> <span class='ocrx_word' id='word_1_220' title='bbox 581 3473 675 3537; x_wconf 71' lang='lat' dir='ltr'>glossa,</span> <span class='ocrx_word' id='word_1_221' title='bbox 686 3479 714 3529; x_wconf 86' lang='lat' dir='ltr'>et</span> <span class='ocrx_word' id='word_1_222' title='bbox 726 3487 741 3522; x_wconf 81' lang='lat' dir='ltr'>r</span> <span class='ocrx_word' id='word_1_223' title='bbox 753 3470 841 3528; x_wconf 74' lang='lat' dir='ltr'>nutris</span> <span class='ocrx_word' id='word_1_224' title='bbox 851 3469 911 3531; x_wconf 78' lang='lat' dir='ltr'>rori</span> <span class='ocrx_word' id='word_1_225' title='bbox 924 3469 1016 3528; x_wconf 75' lang='lat' dir='ltr'>abnt’</span> <span class='ocrx_word' id='word_1_226' title='bbox 1035 3472 1189 3537; x_wconf 68' lang='lat' dir='ltr'>disput-d</span> <span class='ocrx_word' id='word_1_227' title='bbox 1214 3471 1290 3526; x_wconf 79' lang='lat' dir='ltr'>nort.</span> 
     </span>
     <span class='ocr_line' id='line_1_30' title="bbox 191 3535 617 3610; baseline 0.009 -25"><span class='ocrx_word' id='word_1_228' title='bbox 191 3535 269 3610; x_wconf 58' lang='lat' dir='ltr'>loss.</span> <span class='ocrx_word' id='word_1_229' title='bbox 281 3547 390 3604; x_wconf 62' lang='lat' dir='ltr'>utaque</span> <span class='ocrx_word' id='word_1_230' title='bbox 401 3539 522 3606; x_wconf 64' lang='lat' dir='ltr'>aliqunto</span> <span class='ocrx_word' id='word_1_231' title='bbox 532 3539 617 3602; x_wconf 71' lang='lat' dir='ltr'>maior.</span> 
     </span>
    </p>
   </div>
   <div class='ocr_carea' id='block_1_4' title="bbox 635 3663 794 3715">
    <p class='ocr_par' dir='ltr' id='par_1_4' title="bbox 635 3663 794 3715">
     <span class='ocr_line' id='line_1_31' title="bbox 635 3663 794 3715; baseline 0 0"><span class='ocrx_word' id='word_1_232' title='bbox 635 3677 639 3682; x_wconf 85' lang='lat'><em>·</em></span> <span class='ocrx_word' id='word_1_233' title='bbox 685 3663 794 3715; x_wconf 75' lang='lat' dir='ltr'>NO&#39;I&#39;AE</span> 
     </span>
    </p>
   </div>
   <div class='ocr_carea' id='block_1_5' title="bbox 141 3773 1290 4298">
    <p class='ocr_par' dir='ltr' id='par_1_5' title="bbox 141 3773 1290 4298">
     <span class='ocr_line' id='line_1_32' title="bbox 141 3773 1290 3844; baseline -0.003 -16"><span class='ocrx_word' id='word_1_234' title='bbox 141 3821 148 3828; x_wconf 83' lang='lat'><em>.</em></span> <span class='ocrx_word' id='word_1_235' title='bbox 201 3777 235 3812; x_wconf 81' lang='lat'>·&#39;</span> <span class='ocrx_word' id='word_1_236' title='bbox 247 3778 453 3840; x_wconf 64' lang='lat' dir='ltr'>dimittetetur</span> <span class='ocrx_word' id='word_1_237' title='bbox 464 3778 589 3844; x_wconf 58' lang='lat' dir='ltr'>imam]</span> <span class='ocrx_word' id='word_1_238' title='bbox 604 3777 635 3829; x_wconf 85' lang='lat' dir='ltr'>ln</span> <span class='ocrx_word' id='word_1_239' title='bbox 652 3778 721 3830; x_wconf 67' lang='lat' dir='ltr'>eolo</span> <span class='ocrx_word' id='word_1_240' title='bbox 792 3777 922 3831; x_wconf 75' lang='lat' dir='ltr'>rn&#39;mm</span> <span class='ocrx_word' id='word_1_241' title='bbox 942 3791 990 3836; x_wconf 70' lang='lat' dir='ltr'><strong><em>m</em></strong></span> <span class='ocrx_word' id='word_1_242' title='bbox 1007 3792 1036 3831; x_wconf 82' lang='lat' dir='ltr'>rr</span> <span class='ocrx_word' id='word_1_243' title='bbox 1051 3773 1153 3840; x_wconf 74' lang='lat' dir='ltr'>poma]</span> <span class='ocrx_word' id='word_1_244' title='bbox 1176 3775 1290 3828; x_wconf 78' lang='lat' dir='ltr'>&#39;t&#39;srrere</span> 
     </span>
     <span class='ocr_line' id='line_1_33' title="bbox 192 3852 1290 3913; baseline -0.008 -4"><span class='ocrx_word' id='word_1_245' title='bbox 192 3853 345 3909; x_wconf 79' lang='lat' dir='ltr'>uiirniriuur</span> <span class='ocrx_word' id='word_1_246' title='bbox 367 3853 642 3910; x_wconf 80' lang='lat' dir='ltr'>Rornanorumesrlern</span> <span class='ocrx_word' id='word_1_247' title='bbox 654 3855 722 3906; x_wconf 78' lang='lat' dir='ltr'>cole·</span> <span class='ocrx_word' id='word_1_248' title='bbox 759 3852 956 3908; x_wconf 78' lang='lat' dir='ltr'>Torerrlrnorin</span> <span class='ocrx_word' id='word_1_249' title='bbox 975 3866 1035 3909; x_wconf 76' lang='lat' dir='ltr'>aree</span> <span class='ocrx_word' id='word_1_250' title='bbox 1054 3853 1290 3913; x_wconf 60' lang='lat' dir='ltr'>obtemperem</span> 
     </span>
     <span class='ocr_line' id='line_1_34' title="bbox 188 3927 1289 3996; baseline -0.007 -18"><span class='ocrx_word' id='word_1_251' title='bbox 188 3929 478 3996; x_wconf 54' lang='lat' dir='ltr'>,benturnnrrrinnqnn</span> <span class='ocrx_word' id='word_1_252' title='bbox 490 3931 600 3993; x_wconf 58' lang='lat' dir='ltr'>Romu</span> <span class='ocrx_word' id='word_1_253' title='bbox 615 3931 721 3982; x_wconf 68' lang='lat' dir='ltr'>enimn.</span> <span class='ocrx_word' id='word_1_254' title='bbox 760 3929 890 3981; x_wconf 71' lang='lat' dir='ltr'>Romanor</span> <span class='ocrx_word' id='word_1_255' title='bbox 909 3930 1037 3984; x_wconf 73' lang='lat' dir='ltr'>exteriora</span> <span class='ocrx_word' id='word_1_256' title='bbox 1058 3929 1153 3977; x_wconf 76' lang='lat' dir='ltr'>rnoeeir</span> <span class='ocrx_word' id='word_1_257' title='bbox 1169 3927 1289 3986; x_wconf 62' lang='lat' dir='ltr'>obsidere.</span> 
     </span>
     <span class='ocr_line' id='line_1_35' title="bbox 192 4003 1289 4072; baseline -0.005 -16"><span class='ocrx_word' id='word_1_258' title='bbox 192 4008 240 4056; x_wconf 88' lang='lat' dir='ltr'>tris</span> <span class='ocrx_word' id='word_1_259' title='bbox 259 4007 371 4057; x_wconf 79' lang='lat' dir='ltr'>Matutae</span> <span class='ocrx_word' id='word_1_260' title='bbox 390 4007 654 4063; x_wconf 62' lang='lat' dir='ltr'>*desiuitrsarrlo</span> <span class='ocrx_word' id='word_1_261' title='bbox 669 4008 721 4072; x_wconf 80' lang='lat' dir='ltr'>pri·</span> <span class='ocrx_word' id='word_1_262' title='bbox 759 4011 810 4059; x_wconf 79' lang='lat' dir='ltr'>tea.</span> <span class='ocrx_word' id='word_1_263' title='bbox 837 4003 1289 4064; x_wconf 69' lang='lat' dir='ltr'>ldrrcridetnrsllurirre&#39;l&#39;rpit.‘in</span> 
     </span>
     <span class='ocr_line' id='line_1_36' title="bbox 192 4078 1287 4146; baseline -0.004 -12"><span class='ocrx_word' id='word_1_264' title='bbox 192 4093 260 4142; x_wconf 78' lang='lat' dir='ltr'>nrum</span> <span class='ocrx_word' id='word_1_265' title='bbox 270 4083 354 4142; x_wconf 84' lang='lat' dir='ltr'>Tnltio</span> <span class='ocrx_word' id='word_1_266' title='bbox 365 4083 565 4146; x_wconf 60' lang='lat' dir='ltr'>indicetntnde</span> <span class='ocrx_word' id='word_1_267' title='bbox 576 4089 592 4135; x_wconf 73' lang='lat' dir='ltr'>a</span> <span class='ocrx_word' id='word_1_268' title='bbox 604 4083 722 4146; x_wconf 65' lang='lat' dir='ltr'>comitto,</span> <span class='ocrx_word' id='word_1_269' title='bbox 760 4081 837 4142; x_wconf 70' lang='lat' dir='ltr'>vulgo</span> <span class='ocrx_word' id='word_1_270' title='bbox 854 4081 890 4132; x_wconf 83' lang='lat' dir='ltr'>nil</span> <span class='ocrx_word' id='word_1_271' title='bbox 908 4078 1052 4137; x_wconf 78' lang='lat' dir='ltr'>urodicunr3</span> <span class='ocrx_word' id='word_1_272' title='bbox 1068 4085 1177 4142; x_wconf 71' lang='lat' dir='ltr'>terrare,</span> <span class='ocrx_word' id='word_1_273' title='bbox 1196 4080 1222 4133; x_wconf 87' lang='lat' dir='ltr'>ni</span> <span class='ocrx_word' id='word_1_274' title='bbox 1241 4093 1287 4141; x_wconf 76' lang='lat' dir='ltr'>ps·</span> 
     </span>
     <span class='ocr_line' id='line_1_37' title="bbox 191 4153 1289 4218; baseline -0.009 -6"><span class='ocrx_word' id='word_1_275' title='bbox 191 4156 313 4214; x_wconf 72' lang='lat' dir='ltr'>contecto</span> <span class='ocrx_word' id='word_1_276' title='bbox 332 4158 438 4216; x_wconf 78' lang='lat' dir='ltr'>Veienti</span> <span class='ocrx_word' id='word_1_277' title='bbox 458 4159 536 4218; x_wconf 77' lang='lat' dir='ltr'>bello,</span> <span class='ocrx_word' id='word_1_278' title='bbox 554 4172 586 4210; x_wconf 80' lang='lat' dir='ltr'>ox</span> <span class='ocrx_word' id='word_1_279' title='bbox 604 4166 665 4209; x_wconf 85' lang='lat' dir='ltr'>roto</span> <span class='ocrx_word' id='word_1_280' title='bbox 681 4172 720 4218; x_wconf 58' lang='lat' dir='ltr'>re,</span> <span class='ocrx_word' id='word_1_281' title='bbox 759 4161 855 4215; x_wconf 76' lang='lat' dir='ltr'>rerut3</span> <span class='ocrx_word' id='word_1_282' title='bbox 867 4153 1289 4218; x_wconf 66' lang='lat' dir='ltr'>onipertinneriut,lnapouecpe‚</span> 
     </span>
     <span class='ocr_line' id='line_1_38' title="bbox 193 4229 859 4298; baseline -0.008 -16"><span class='ocrx_word' id='word_1_283' title='bbox 193 4229 274 4285; x_wconf 78' lang='lat' dir='ltr'>iectu.</span> <span class='ocrx_word' id='word_1_284' title='bbox 294 4231 392 4288; x_wconf 78' lang='lat' dir='ltr'>Noster</span> <span class='ocrx_word' id='word_1_285' title='bbox 404 4233 450 4290; x_wconf 86' lang='lat' dir='ltr'>tib.</span> <span class='ocrx_word' id='word_1_286' title='bbox 463 4247 490 4283; x_wconf 89' lang='lat' dir='ltr'>v.</span> <span class='ocrx_word' id='word_1_287' title='bbox 501 4247 560 4298; x_wconf 78' lang='lat' dir='ltr'>cap.</span> <span class='ocrx_word' id='word_1_288' title='bbox 574 4236 611 4284; x_wconf 82' lang='lat' dir='ltr'>ln.</span> <span class='ocrx_word' id='word_1_289' title='bbox 623 4241 651 4284; x_wconf 86' lang='lat' dir='ltr'>er</span> <span class='ocrx_word' id='word_1_290' title='bbox 662 4237 704 4292; x_wconf 72' lang='lat' dir='ltr'>itt.</span> <span class='ocrx_word' id='word_1_291' title='bbox 762 4229 859 4282; x_wconf 65' lang='lat' dir='ltr'>tenni:</span> 
     </span>
    </p>
   </div>
   <div class='ocr_carea' id='block_1_6' title="bbox 0 0 1581 4942">
    <p class='ocr_par' dir='ltr' id='par_1_6' title="bbox 0 0 1581 4942">
     <span class='ocr_line' id='line_1_39' title="bbox 0 0 1581 4942; baseline 0 0"><span class='ocrx_word' id='word_1_292' title='bbox 0 0 1581 4942; x_wconf 95' lang='lat' dir='ltr'> </span> 
     </span>
    </p>
   </div>
  </div>
 </body>
</html>
