3150 4942
558 488 631 540 trs.
656 492 713 540 rx.
737 494 819 541 car.
840 469 896 541 16.
1188 479 1276 547 latr

175 636 209 699 in
224 636 339 699 urbem
357 645 566 719 acceperunt.
611 637 667 701 lta
681 637 808 721 duplici
825 638 1015 720 proditioue
1031 643 1066 702 et
1079 638 1274 720 proesidium

175 737 389 813 Samnitium,
418 739 558 801 insessis
591 740 682 803 circs
711 741 807 804 vium
831 739 1055 823 sylvestribus
1084 741 1181 817 locis,
1210 760 1274 807 neo

176 840 317 919 opinato
337 857 533 921 oppressum
557 846 622 917 est,
645 844 677 902 et
701 841 744 903 ab
764 841 847 903 urbe
872 841 973 922 plena
987 841 1133 905 bostium
1147 844 1276 907 clamor

174 939 343 1017 sublatus3
369 948 602 1023 momentoque
619 942 718 1005 nnius
743 941 835 1006 hortu
858 961 971 1007 cresus
995 942 1143 1018 Samnis,
1169 943 1275 1009 Satri·

175 1059 281 1104 cauus
298 1046 429 1124 captus,
445 1048 479 1104 et
493 1044 603 1105 omnia
625 1044 658 1105 in
678 1050 848 1125 potestate
867 1044 1014 1108 consulis
1040 1055 1143 1107 crunt.
1191 1045 1274 1125 Qui»

174 1144 358 1225 quaestione
373 1142 498 1215 habita,
523 1161 668 1227 quorum
683 1161 783 1224 opera
797 1142 941 1206 deiectio
956 1151 1048 1207 esset
1061 1145 1163 1222 iacta,
1185 1164 1273 1228 quos

174 1252 284 1306 sontes
313 1246 489 1326 comperit,
517 1244 619 1325 virgis
650 1262 762 1306 cassos
793 1244 902 1306 securi
932 1246 1124 1326 percussit:
1158 1247 1274 1327 praesi·

174 1344 295 1426 dioque
314 1343 424 1407 ualido
439 1344 613 1427 imposito,
640 1362 732 1407 arms
747 1342 935 1407 Satricanis
950 1345 1085 1409 ademit.
1130 1345 1214 1410 lude
1229 1346 1274 1412 ad

174 1444 377 1528 triumphum
401 1446 591 1509 decessisse
615 1444 759 1507 Romam
786 1444 961 1526 Papirium
986 1444 1162 1510 Cursorem
1188 1450 1274 1513 scri-

173 1546 268 1623 bunt,
294 1547 352 1630 qui
379 1566 420 1610 co
445 1545 531 1611 duce
553 1546 730 1611 Luceriam
754 1555 924 1630 receptam
949 1547 1185 1633 Samnitesque
1206 1550 1271 1615 sub

166 1646 285 1730 jugum
302 1650 422 1712 missos
433 1653 588 1713 auctores
603 1656 691 1713 sunt.
725 1649 769 1712 Et
782 1648 847 1711 fuit
862 1648 913 1712 vir
928 1648 1019 1711 band
1033 1650 1135 1713 dubie
1149 1649 1271 1732 dignus

173 1750 263 1812 omni
280 1749 405 1814 bellica
415 1749 525 1826 laude,
541 1769 607 1813 non
623 1749 726 1813 animi
742 1749 850 1813 solum
865 1750 993 1829 rigore,
1009 1750 1071 1814 sod
1086 1753 1185 1815 etiam
1200 1771 1273 1818 cor·

173 1854 265 1935 poris
275 1853 403 1917 uiribus
417 1854 597 1918 excellens.
636 1851 953 1934 Praecipuapcdum
964 1854 1273 1936 pcmicitasincrat,

173 1970 250 2037 quun
265 1972 450 2036 cognomen
464 1956 565 2018 etiam
578 1952 689 2017 dedit:
702 1948 751 1993 ¹⁸¹¹
768 1954 997 2035 uictoremque
1013 1972 1111 2019 cursu
1124 1955 1271 2021 omnium

173 2056 283 2120 etatis
298 2075 369 2120 suae
389 2054 628 2132 fnisseferuut,
654 2061 700 2131 et,
725 2072 786 2117 sen
801 2054 920 2118 virium
945 2056 990 2133 vi,
1017 2076 1079 2119 seu
1106 2058 1273 2123 exercita·

172 2158 263 2222 tione
277 2158 394 2233 multa,
421 2158 487 2221 cibi
502 2157 639 2239 uinique
653 2154 794 2219 cundem
816 2156 1093 2238 capacissimum:
1116 2176 1182 2222 nec
1195 2177 1273 2223 cum

173 2258 240 2322 ullo
256 2260 454 2341 asperiorem
468 2258 560 2341 (quia
572 2258 645 2339 ipse
657 2256 772 2320 invicti
789 2255 832 2319 ad
846 2257 992 2321 laborem
1008 2259 1157 2339 corporis
1171 2259 1273 2340 esset)

172 2361 278 2425 fuisso
303 2361 459 2425 militiam
485 2359 589 2442 pediti
616 2358 741 2441 pariter
766 2358 951 2441 equitique.
1003 2359 1144 2442 Equites
1168 2361 1272 2424 etium

172 2462 356 2546 aliquando
381 2481 487 2526 ausos
511 2462 554 2525 ab
573 2480 613 2523 co
636 2467 758 2543 petere,
781 2464 820 2522 nt
843 2459 910 2523 sibi
930 2478 992 2541 pro
1015 2479 1050 2523 re
1071 2460 1155 2523 benc
1177 2467 1272 2543 gestu

170 2565 300 2629 laxaret
321 2565 447 2648 aliquid
472 2562 620 2627 laboris:
645 2562 766 2643 quibus
790 2560 859 2636 ille,
882 2564 892 2594 ‘
916 2560 969 2624 Nc
992 2560 1073 2623 nibil
1097 2561 1271 2628 remissum

171 2666 304 2743 dicatis,
329 2664 485 2743 remitto,'
508 2663 625 2747 inquit,
649 2666 718 2726 ‘ne
734 2662 854 2743 utique
879 2660 1016 2724 dorsum
1041 2662 1270 2742 demulceatis,

171 2788 246 2832 cum
262 2788 305 2833 ax
321 2770 420 2853 equis
435 2764 668 2831 descendetis?
712 2764 758 2827 Et
773 2764 825 2825 vis
852 2768 923 2825 erat
946 2764 981 2825 in
997 2782 1039 2826 co
1053 2764 1126 2838 viro
1140 2764 1271 2847 imperii

171 2868 290 2951 ingens
306 2871 431 2953 pariter
446 2869 479 2932 in
496 2867 612 2931 socios
626 2866 798 2948 civesque.
834 2862 1064 2927 Praenestinus
1078 2870 1199 2946 praetor
1213 2884 1273 2949 per

173 2972 326 3035 timorem
355 2972 489 3053 soguins
519 2987 565 3031 ex
591 2965 752 3031 subsidiis
783 2982 866 3027 suos
895 2964 1040 3029 duxerat
1067 2966 1102 3027 in
1129 2966 1272 3046 primam

170 3074 289 3138 aciem.
334 3071 447 3152 Quem
462 3090 536 3135 oum
561 3068 771 3132 inambulans
792 3069 867 3128 ante
882 3066 1137 3129 tabernaculum
1155 3066 1270 3129 uocari

167 3176 337 3259 jussisset,
366 3174 515 3238 lictorem
546 3169 708 3252 expedire
738 3168 882 3231 securim
913 3166 1031 3251 jussit.
1083 3165 1140 3230 Ad
1168 3185 1272 3249 quum

172 3294 291 3340 uocem
304 3275 452 3340 exanimi
464 3278 572 3337 stante
587 3270 807 3344 Praenestino,
821 3266 1008 3350 ‘Agedum
1022 3268 1133 3343 lictor,
1148 3268 1271 3333 excido

171 3376 319 3443 radicem
337 3375 446 3455 bunc‚'
466 3374 586 3457 inquit,
611 3376 621 3406 ‘
637 3370 882 3435 incommodam
899 3368 1145 3433 ambulantibus
1156 3369 1175 3434 :'
1197 3390 1271 3453 per·

633 3536 662 3557 u
665 3533 795 3555 mooun
798 3534 812 3553 θ

169 3638 231 3687 cium
240 3638 364 3688 suin-18
379 3636 387 3665 ‘
397 3638 470 3687 Vctt.
481 3634 543 3685 libb.
562 3632 616 3695 alit,
631 3648 684 3697 quoe
694 3646 821 3694 cognomen
832 3631 872 3680 cin
882 3632 993 3680 dedant:
1012 3629 1066 3695 atti,
1076 3646 1130 3695 qao
1139 3632 1273 3695 cogamini

170 3702 234 3753 ciuis
242 3703 316 3753 dedit.
352 3702 420 3751 Hinc
432 3716 480 3765 ego
493 3700 612 3765 trispicor
624 3698 772 3762 legendnm,
783 3712 837 3761 quur
847 3697 1081 3759 cognmmacojm
1087 3696 1172 3745 dedit!
1183 3698 1271 3760 Sigon.

665 3858 773 3911 NouAE

203 3958 295 4017 ¹0¹·
311 3974 441 4021 eunom
458 3960 529 4011 ιῑὶιιη
542 3958 622 4022 dedit]
638 3958 702 4007 Veri
744 3971 805 4020 gon.
815 3954 1026 4019 legendumque
1033 3951 1273 4016 cenomannicus

172 4035 312 4087 admodum
331 4036 415 4085 simila
431 4044 471 4085 cst
491 4037 526 4099 ei,
544 4036 587 4099 qui
605 4035 702 4099 primas
743 4032 819 4081 dedit.
835 4030 937 4080 Etenim
951 4031 980 4077 l..
991 4028 1216 4093 Papiriuanrsor
1227 4032 1273 4079 bu·

172 4114 292 4163 &usuris
303 4114 329 4163 in
341 4114 506 4177 Papiriorum
519 4122 597 4177 gente
606 4126 702 4174 cogno·
739 4108 785 4169 jot
796 4119 858 4155 trus
868 4105 965 4159 luerat.
975 4118 1067 4153 ccnsor
1078 4116 1119 4152 au.
1128 4103 1162 4153 U.
1173 4104 1204 4153 c.
1214 4108 1274 4157 aot.

172 4203 232 4238 rusa
245 4192 337 4252 tulius
348 4190 504 4253 pernicitate
516 4189 609 4251 pedum
627 4187 653 4236 id
664 4188 702 4236 in·
744 4196 802 4253 post
813 4186 891 4235 etism
903 4182 1137 4234 tribunusruilituur
1145 4182 1274 4232 consulari

172 4264 274 4325 ditum
289 4268 335 4315 scd
356 4267 398 4316 clii
415 4274 476 4315 ante
487 4266 555 4315 bunc
566 4278 598 4314 eo
609 4276 704 4326 coguu-
744 4268 876 4328 pstastste
886 4276 927 4311 un.
939 4263 996 4310 tot.
1005 4268 1033 4311 et
1044 4260 1103 4309 860.
1117 4258 1150 4308 ds
1166 4272 1216 4324 quo
1228 4257 1273 4309 lib.
1333 4284 1341 4291 -

172 4343 243 4392 taius
255 4340 368 4393 inerant.
394 4342 498 4393 Idcirco
508 4342 653 4405 nupicrtur
664 4339 704 4390 Si·
746 4354 784 4389 ur.
796 4354 820 4390 c.
831 4344 856 4389 t.
