3150 4942
327 402 415 469 1220
797 418 834 467 r.
858 416 955 465 mvn

323 564 437 649 jussit
480 560 633 627 Colorem
649 562 735 627 siout
747 562 873 644 ingenti
887 561 1058 627 alacritate
1077 561 1121 625 ad
1140 562 1337 645 praetorium
1350 580 1419 627 oon·
1521 629 1522 640 ,

330 683 463 731 cursum
490 671 555 741 est,
580 663 629 728 itu
652 684 723 748 pree
742 664 887 730 clamore
916 665 1132 747 poscentium
1161 682 1312 746 pugnam
1337 666 1422 729 nulli

330 765 519 833 adhortatio
543 766 756 849 imperatoris
782 766 900 831 audite
923 775 988 830 est.
1031 766 1122 831 Suus
1146 766 1270 848 cuique
1298 768 1423 829 animus
1523 787 1527 853 Μ·

329 886 458 933 memor
483 866 669 949 ignominias
697 864 891 931 adhortator
919 866 1047 930 udmat.
1100 866 1239 931 Vadunt
1260 868 1370 948 igitur
1395 868 1425 931 iu

330 969 484 1052 praelium
499 973 652 1049 urgentes
668 966 862 1047 signiferos:
885 973 931 1043 et,
946 986 988 1031 ue
1008 986 1102 1031 mors
1116 968 1152 1031 in
1166 986 1336 1033 concursu
1352 968 1425 1051 pilis

330 1068 522 1135 emittendis
537 1068 806 1151 stringendisque
815 1066 892 1133 inde
906 1068 1026 1151 gladiis
1036 1071 1229 1153 essetpila,
1240 1070 1339 1133 velut
1352 1070 1425 1133 dato

331 1172 374 1236 sd
398 1171 433 1236 id
454 1172 558 1254 signo,
585 1170 760 1253 objiciunt,
786 1170 981 1254 strictisque
995 1170 1115 1253 gladiis
1128 1190 1231 1236 cursu
1243 1171 1285 1233 in
1302 1171 1426 1235 hostem

331 1272 492 1337 feruntur.
535 1271 628 1337 Nihil
643 1272 713 1337 illio
728 1272 954 1354 imperatorius
968 1270 1052 1335 artis
1067 1271 1241 1335 ordinibus
1265 1279 1333 1337 ant
1354 1272 1425 1334 suu

332 1373 429 1439 sidiis
437 1368 590 1439 locandis
599 1373 661 1438 fuit
672 1394 681 1438 ε
694 1375 806 1439 omnis
815 1375 864 1438 ira
873 1374 1028 1438 militarie
1040 1392 1147 1457 prope
1160 1392 1289 1439 vesano
1303 1374 1426 1455 impetu

332 1477 413 1557 egit.
458 1475 577 1557 ltaque
593 1492 659 1539 non
682 1474 749 1539 fusi
774 1476 877 1539 modo
896 1477 1009 1540 hostes
1031 1482 1128 1554 sunt3
1150 1474 1222 1551 sed,
1241 1494 1287 1537 ne
1312 1474 1425 1538 castris

332 1578 465 1661 quidem
479 1577 551 1641 suis
565 1576 681 1657 iugum
699 1575 863 1658 impedire
885 1572 984 1652 rinei,k
1006 1574 1166 1659 Apuliam
1187 1575 1350 1658 dissipati
1373 1594 1426 1657 pe·

332 1680 430 1742 tiere:
455 1678 629 1741 luceriam
645 1684 770 1753 tamen,
785 1683 909 1741 coacto
921 1696 1036 1742 rursus
1049 1677 1083 1741 in
1097 1696 1202 1741 nuum
1216 1678 1364 1758 agmine,
1378 1685 1427 1739 est

332 1785 533 1861 perventum.
577 1776 1054 1862 monumentorumque
1077 1797 1138 1861 per
1161 1778 1309 1842 mediam
1325 1779 1426 1842 eciem

332 1880 477 1944 hostium
494 1879 623 1959 tulerat,
644 1885 679 1943 ot
700 1881 732 1943 in
756 1890 867 1943 castra
888 1877 1046 1962 pertulit.¹
1090 1881 1144 1945 lbi
1166 1880 1255 1963 plus,
1269 1900 1376 1964 quam
1395 1881 1426 1941 iu

333 1982 417 2059 acic,
430 1980 600 2062 sanguinis
615 1998 657 2045 ac
671 1981 777 2045 credis
790 1982 930 2058 tactum,
946 1983 1138 2065 praedaeqne
1151 2001 1231 2066 pars
1254 1982 1364 2067 major
1384 1982 1426 2045 irs

333 2087 502 2166 corrupto.
546 2082 720 2148 Exercitus
734 2083 820 2148 alter
834 2103 912 2148 cum
923 2083 1065 2167 Papirio
1075 2084 1216 2149 consule
1228 2086 1318 2149 locis
1332 2083 1424 2147 mari·

333 2184 425 2248 timis
451 2188 646 2267 pervenerat
673 2182 819 2268 Arpos*
841 2204 903 2267 per
926 2186 1040 2251 omnis
1065 2194 1200 2269 pacata,
1228 2185 1424 2250 Samnitium

334 2286 441 2366 magis
455 2284 585 2368 injuriis
600 2291 635 2350 et
648 2284 755 2363 odio,¹¹
771 2303 874 2367 qnam
888 2285 1053 2351 beneficio
1065 2286 1134 2351 ullo
1145 2286 1264 2370 populi
1272 2286 1424 2351 Romani.

333 2386 426 2451 Nem
448 2384 631 2463 Samnites,
646 2406 686 2451 es
712 2391 916 2470 tempestate
935 2389 971 2451 in
995 2388 1168 2452 montibus
1182 2388 1324 2452 ricstim
1339 2386 1423 2451 habi·

333 2494 459 2561 tentes,
475 2488 680 2569 campestria
701 2491 734 2551 et
756 2487 923 2552 maritima
936 2489 1022 2565 loco,
1037 2495 1201 2554 contemto
1211 2488 1238 2529 ¹⁶
1259 2490 1421 2553 cultorum

333 2586 481 2650 molliore
495 2591 605 2668 utque,
621 2592 658 2651 ut
680 2586 793 2651 creuit
815 2588 895 2666 sere,
916 2588 1003 2653 locis
1015 2596 1041 2638 ¹⁷
1064 2589 1164 2653 simili
1189 2602 1342 2670 genere:
1360 2589 1419 2671 ipsi

334 2684 483 2750 montani
495 2690 593 2768 utque
604 2692 764 2769 agrestes,
777 2687 1082 2772 depopulabantur.
1113 2689 1201 2769 Quae
1211 2692 1306 2771 regio
1318 2691 1348 2756 si
1362 2688 1420 2753 tids

352 2867 384 2937 ,¹⁸
403 2860 463 2910 ΟΜ
477 2871 613 2925 semme
629 2878 705 2925 sessa
722 2866 854 2915 tronus
869 2866 896 2915 tn
910 2869 1037 2930 emera
1053 2874 1077 2918 n
1087 2869 1208 2919 aarum·
1220 2869 1420 2919 smmum

333 2928 408 2973 ”m
417 2927 563 2987 acdestim,
574 2934 653 2992 diosc
664 2934 692 2979 st
700 2929 761 2995 fleri
770 2936 845 2993 met,
855 2930 949 2991 regioni
958 2946 1008 2981 Μ
1017 2933 1114 2983 ultim
1124 2933 1289 2985 ωηωιεμ,

791 3070 973 3093 mon

370 3170 400 3217 ld
415 3168 503 3218 ‘Mela
520 3174 637 3219 contente
653 3170 679 3219 in
697 3171 828 3237 plerisque
845 3171 910 3221 ides.
925 3178 953 3220 et
970 3171 1041 3223 edd.'
1056 3174 1158 3240 Rupere.
1182 3175 1242 3227 Vid.
1254 3178 1322 3227 Not.
1332 3176 1419 3225 vu.-

828 3334 934 3387 NO'l'AE

367 3424 380 3458 Ι
398 3426 436 3474 Ne
447 3426 780 3492 mnrisqsidemsirsagon
789 3431 862 3494 ispe-
902 3432 1419 3500 Argyrippsdictum,esPlinio,muiut

335 3500 388 3549 din
398 3501 462 3563 essi]
479 3502 554 3563 Vult,
571 3517 622 3553 non
637 3518 712 3554 euros
725 3520 779 3570 pre
791 3516 862 3571 metu
902 3508 1028 3571 quondam
1045 3511 1107 3560 urbs
1124 3512 1150 3560 in
1168 3511 1263 3575 Apulis
1282 3511 1343 3567 fuit,
1360 3512 1418 3560 inter

336 3583 422 3623 cestre
439 3589 486 3625 rua
501 3584 596 3638 petere
613 3579 752 3643 Semnitee,
772 3596 805 3631 ne
825 3582 863 3632 eie
903 3582 1038 3634 Luceriam
1053 3593 1081 3635 et
1094 3587 1240 3649 Sipontum.
1274 3588 1341 3651 Ejus
1351 3582 1417 3634 nodie

335 3648 407 3712 inge,
417 3648 450 3697 de
466 3664 518 3713 qne
533 3652 589 3701 sols
605 3654 767 3717 cogitabunt,
780 3666 863 3707 reter-
903 3658 982 3708 ruine
994 3668 1070 3709 sexte
1081 3663 1182 3712 nlllleri
1193 3678 1209 3711 ι
1220 3664 1318 3727 {leggia
1329 3658 1416 3727 oppidt

336 3724 452 3787 deretur,
462 3733 490 3774 et
499 3726 573 3789 qussi
584 3726 769 3789 implicrretnr.
903 3734 1031 3798 visuntur,
1047 3737 1106 3786 loeo
1122 3738 1166 3803 qni
1179 3738 1237 3801 ejus
1248 3746 1348 3788 tractus
1357 3739 1417 3787 ioco·

368 3800 374 3834 ¹
392 3801 426 3849 lit
435 3800 461 3850 ir
471 3808 551 3851 cestre
558 3802 671 3866 pertulit]
688 3805 747 3855 Non
756 3806 782 3855 ln
794 3807 863 3869 prio·
902 3808 934 3857 lis
944 3797 1027 3859 r'rllroo
1038 3820 1144 3860 secutur
1153 3811 1227 3875 Arpe.

336 3891 367 3925 ra
385 3884 481 3935 cestre,
500 3885 594 3943 utpote
612 3893 630 3929 e
645 3880 804 3932 samnitibus
822 3883 862 3933 t'u·
933 3892 946 3917 ¹
962 3884 1107 3937 mdis·
1122 3887 1310 3951 missu-lis
1325 3882 1417 3947 sose]

335 3950 467 4015 ‘tentibus
488 3952 599 4010 deserte,
624 3954 670 4004 red
693 3956 719 4005 iu
741 3970 808 4007 nors
829 3958 862 4008 ed
901 3959 988 4023 lgltur
1002 3962 1132 4014 Semnites
1153 3966 1285 4028 proprium
1304 3964 1363 4029 ipsi,
1378 3964 1416 4011 ert

336 4026 472 4077 Luceriam
484 4035 591 4079 coecis:
616 4044 667 4093 que
683 4030 796 4082 nondum
811 4033 862 4083 Pe·
902 4039 1415 4104 certepopulsrlumrgruurreetsverrnll

336 4101 427 4165 plrins,
436 4104 502 4153 ulter
511 4106 609 4164 consul.
621 4116 783 4170 peremerat.
903 4112 1018 4161 menteni
1034 4113 1136 4163 seilicet
1151 4122 1322 4179 cempeetrem
1335 4121 1362 4163 et
1370 4125 1416 4161 ne·

369 4183 388 4209 ¹
413 4175 505 4241 Arpos]
532 4178 606 4243 Arpi,
624 4182 763 4246 sliqnsndo
780 4184 863 4249 Argue
902 4186 1031 4237 rltimurn=
1048 4202 1101 4253 qun
1118 4188 1214 4252 injuris
1231 4189 1364 4255 provocati
1378 4188 1415 4236 lo-

339 4248 474 4314 llippium,
496 4252 622 4305 Diomede
642 4258 783 4323 condente,
803 4274 862 4310 mox
902 4275 959 4312 rorn
969 4264 1085 4315 locorum
1095 4266 1215 4317 cultores·
