3150 4942
604 434 675 481 mn.
699 434 754 483 rx.
778 436 858 485 our.
877 420 932 485 32·
1218 424 1306 489 1261

209 572 408 637 suadendo
435 574 668 657 impediebant.
712 576 834 660 Itaque
849 596 929 658 ergo
955 578 1127 660 perpaucis
1141 578 1306 661 effugium

214 674 344 754 patuit:
367 695 457 740 caesa
471 676 515 739 ad
532 677 646 758 viginti
659 678 762 741 miliia
784 679 966 754 bominum,
977 746 981 751 ,
993 680 1162 760 victorque
1179 680 1306 747 Roma·

214 792 275 837 uus
291 774 332 838 ad
346 777 491 840 oblatam
506 780 590 841 ultro
605 780 649 842 ab
663 778 758 843 hoste
774 780 920 862 praedam
936 798 1090 862 pecorum
1104 779 1270 845 discurrit.
1293 826 1297 836 ·

255 872 309 937 32.
332 875 422 939 Dum
439 878 510 941 baec
525 885 679 959 geruntur
701 879 735 941 in
757 878 911 955 Samnio,
929 880 1002 962 jam
1028 898 1142 943 omnes
1166 882 1305 951 Etruriae

212 976 331 1057 populi
347 986 467 1058 praeter
481 978 653 1041 Arretinos
667 988 681 1015 ⁸
701 978 744 1043 ad
760 999 853 1043 arma
866 981 1063 1056 ierant,¹²ab
1079 982 1305 1063 oppugnando

209 1075 337 1148 Sutrio,
353 1094 428 1158 quae
441 1079 531 1155 urbs,
547 1081 645 1144 socia
660 1078 847 1154 Romania,'’
857 1079 951 1143 relnt
964 1081 1144 1145 clanstra¹³
1162 1080 1305 1147 Etruriae

212 1181 294 1250 erat,
310 1178 424 1258 ingens
448 1180 515 1242 orsi
541 1178 678 1243 bellum.
722 1178 773 1242 Eo
797 1180 881 1243 aiter
906 1181 1080 1245 consulum
1106 1183 1267 1269 AEmiiins
1280 1190 1306 1231 ¹⁴

208 1294 287 1340 oum
298 1279 450 1341 exercitu
470 1280 514 1342 ad
537 1280 727 1365 liberandos
749 1280 926 1344 obsidione
948 1281 1062 1345 socios
1087 1284 1190 1346 venit.
1234 1283 1306 1347 Ad·

210 1376 417 1441 venientibus
438 1378 602 1443 Romanis
624 1381 751 1445 Sutrini
766 1390 971 1446 commeatus
986 1383 1130 1465 benigne
1145 1384 1179 1446 in
1194 1390 1305 1449 castra

211 1484 289 1541 onte
304 1479 417 1542 urbem
426 1481 540 1561 posita
551 1481 725 1545 advexere.
771 1481 904 1549 Etrusci
916 1481 1003 1546 diem
1018 1486 1159 1567 primum
1174 1484 1305 1553 consul·

209 1577 324 1665 tando,
339 1588 549 1656 maturarent,
574 1580 776 1645 traherentne
791 1583 927 1658 bellum,
943 1584 1173 1649 traduxerunt.
1217 1585 1303 1649 Pou-

210 1684 277 1743 tero
289 1680 352 1756 die,
364 1682 421 1745 ubi
431 1684 602 1758 celeriora,
616 1702 716 1766 quam
727 1684 864 1761 tutiora,
878 1685 1019 1749 consilia
1028 1686 1134 1767 magis
1146 1688 1302 1769 placuere

206 1778 362 1858 ducibus,
373 1780 444 1845 soie
457 1788 530 1847 orto
546 1783 677 1863 signum
693 1804 814 1867 pugnae
824 1786 1030 1868 propositum
1042 1794 1105 1862 est,
1115 1790 1300 1870 armatique

208 1880 240 1941 in
255 1882 363 1943 aciem
377 1882 575 1964 procedunt.
621 1882 723 1961 Quod
750 1893 933 1967 postquam
957 1887 1090 1949 consuli
1115 1888 1302 1951 nuntiatum
1327 1942 1330 1948 .

209 1986 273 2056 est,
287 1982 457 2065 extempio
473 1989 633 2047 tesseram
655 1983 728 2048 dari
744 1984 869 2067 jubet,e
891 1995 930 2049 ut
945 1987 1109 2068 prandeat
1123 1988 1232 2060 miles,
1246 1986 1301 2050 iir-
1324 2052 1329 2065 ,

240 2279 271 2325 tt
284 2277 292 2304 ⁴
304 2236 375 2328 Quid
385 2277 433 2327 ribi
445 2280 533 2329 rolont
543 2280 618 2331 Voss.
629 2285 657 2330 et
667 2278 718 2333 duo
731 2280 796 2329 Prii.
807 2282 840 2329 ed
848 2294 916 2329 erne
925 2293 950 2329 rr
960 2278 1135 2329 mrtubmut’
1151 2279 1179 2330 J.
1191 2279 1299 2346 F.·Gr07

206 2532 332 2596 surripere
355 2541 468 2595 possent.
500 2532 543 2582 Sic
566 2532 635 2597 epnd
656 2534 730 2597 Virg.
769 2540 809 2583 tut
830 2532 878 2583 bac
906 2533 1094 2598 inscriptione:
1122 2535 1299 2586 ‘Decuriouer

204 2608 299 2659 ‘Furta
310 2622 374 2672 pero
386 2608 466 2657 betur
768 2608 935 2659 Aretinorum
947 2608 1082 2659 veteram?

237 2694 250 2721 ⁸
267 2689 360 2737 Praeter
370 2686 508 2749 Arretium]
526 2688 584 2737 Une
604 2702 619 2737 e
639 2688 730 2751 praeci·
801 2684 813 2717 ⁸
824 2686 885 2741 Qroe
895 2685 960 2747 erbe,
968 2684 1032 2734 urie
1044 2685 1169 2748 Κυμώ]
1182 2686 1299 2737 Sutrino

207 2765 263 2827 pair
281 2765 417 2815 duodecim
438 2765 605 2815 Etruscorum
625 2766 731 2815 urbibus
768 2773 836 2810 auno
847 2764 872 2809 7·
892 2767 952 2824 port
970 2761 1059 2810 urbem
1071 2762 1182 2812 rGeiiir
1193 2772 1298 2826 captam

163 2865 167 2873 =
204 2838 255 2890 tirit
271 2840 412 2896 Arretium,
434 2840 488 2890 rire
511 2840 638 2903 Aretium,
656 2847 731 2889 vetus
768 2834 880 2884 deduci·
900 2832 986 2884 sumt
1004 2850 1021 2885 ι
1039 2834 1158 2884 Romi!
1176 2837 1298 2887 colonie:

205 2913 261 2963 i'ere
285 2927 376 2964 nomen
398 2928 513 2969 terrens,
536 2916 612 2978 rotgo
633 2915 730 2972 Arme,
769 2909 898 2958 Diadume
910 2924 1013 2974 quoque
1030 2916 1059 2958 et
1078 2910 1165 2960 lirim
1182 2911 1238 2974 ipre
1252 2912 1297 2961 iib.

204 2990 387 3053 Episcopum,
413 2988 462 3039 rub
489 2988 636 3051 Apennino,
664 2990 729 3039 baud
769 2984 1203 3037 xxvrr.catolonimnomiuat.
1236 2990 1297 3039 Non

202 3066 293 3130 procui
319 3064 391 3114 Arno
418 3063 445 3113 u.
472 3078 550 3127 snpra
581 3064 730 3129 Cortonam,
769 3068 821 3109 tem
843 3062 922 3124 igitar
943 3062 1012 3110 socie
1034 3069 1062 3109 et
1082 3061 1212 3112 federare
1233 3065 1295 3115 urbe

203 3142 273 3191 mitia
293 3140 380 3189 stadii·
398 3140 431 3189 eb
448 3139 510 3188 urbe
530 3140 619 3199 Rome,
638 3139 662 3188 id
679 3148 730 3205 ert,
768 3145 833 3189 eret.
855 3150 931 3200 quem
954 3136 1079 3199 Romane,
1097 3142 1125 3185 et
1141 3138 1215 3201 queri
1236 3152 1296 3201 perr

204 3220 260 3266 125.
278 3230 396 3279 pessuma
411 3214 531 3265 miiiibnr.
565 3213 729 3267 inriretino·
767 3210 897 3260 civitatirr
915 3208 1295 3278 nirit'orteuonoptimojure,

203 3307 259 3341 rnm
280 3290 372 3341 finibus
395 3290 477 3339 oritur
497 3290 607 3340 Tiberis.
649 3290 729 3340 Porro
765 3288 811 3335 red
821 3287 877 3335 uine
886 3287 994 3335 civitate
1003 3286 1029 3335 bi
1040 3287 1133 3337 coloni.

202 3366 325 3416 Aretinor
345 3365 432 3427 pinrer
451 3365 476 3412 in
498 3364 602 3412 Etrurii
620 3378 729 3414 eornme·
799 3370 811 3397 θ
828 3364 949 3413 Terrenis
969 3364 1023 3411 dori
1039 3362 1121 3427 iuter]
1145 3364 1295 3429 Symbolum

202 3454 302 3491 merere
314 3439 417 3495 ridetur
428 3438 535 3487 Piiniur.
563 3438 674 3488 Vererer
686 3440 729 3495 Fi·
766 3445 817 3502 ert,
831 3438 898 3503 quod
915 3437 964 3487 rub
980 3437 1061 3499 iprum
1079 3452 1190 3501 pugnam
1208 3440 1294 3504 detur,

204 3516 306 3571 deuter,
327 3514 468 3567 Jutieurer:
498 3527 542 3561 eor
565 3520 650 3563 temen
673 3516 729 3565 ioco
767 3529 819 3562 uno
830 3514 969 3564 nutritore
983 3514 1061 3562 verbo
1078 3514 1111 3563 ab
1128 3514 1295 3579 imperatore.
1350 3514 1353 3520 '

202 3590 305 3640 minime
331 3586 534 3651 distinguendos,
562 3588 607 3637 red
633 3590 728 3652 sepina
767 3599 796 3640 ut
814 3604 846 3640 eo
862 3589 958 3639 indicio
972 3588 1160 3639 commilitoner
1177 3592 1246 3644 iuter
1265 3608 1294 3651 re

202 3663 577 3725 mirrircoiouir,noraaddite
594 3679 650 3715 esre
667 3680 727 3729 cog·
766 3666 862 3715 norint.
895 3665 1203 3722 Nobir,irrrrotdrrGert.
1235 3667 1293 3731 Sig-

201 3742 304 3791 nornine
315 3746 422 3790 reorent
433 3739 508 3789 Cinr.
524 3748 603 3803 arque
625 3739 726 3791 Holrte-
765 3754 826 3789 num
837 3741 916 3790 etiem
927 3739 1080 3803 simpliciter
1089 3741 1194 3790 dicitur.
1222 3742 1291 3793 cnr.

199 3814 268 3877 niur,
279 3816 323 3879 qui
341 3821 416 3878 pntrt
429 3826 521 3862 ncnren
539 3815 665 3877 integrum
683 3831 727 3866 eo·
766 3831 798 3868 rr.
812 3816 847 3866 de
858 3817 925 3865 Beii.
934 3816 1003 3865 Gaii.
1017 3815 1132 3864 ‘cereri
1144 3816 1230 3865 onnia
1241 3831 1292 3867 uno

200 3892 276 3942 lenire
295 3890 411 3939 Aretine
428 3888 509 3939 inisse
522 3890 613 3939 cronia
629 3892 727 3953 Fidens,
764 3901 882 3956 tempore
892 3899 967 3939 eraut
977 3888 1085 3951 agenda,
1097 3889 1218 3937 rexiitnm
1231 3906 1292 3955 pro·
1307 3943 1310 3950 ,

198 3964 396 4030 &timentium
403 3982 413 4023 ‚·
425 3972 451 4013 ut
462 3965 557 4015 Pirene
565 3968 573 3995 ⁴
581 3967 727 4032 obreqaanr
764 3968 919 4031 ponendam,
930 3963 999 4028 quod
1011 3970 1068 4012 effi
1078 3964 1176 4022 'Mirm
1188 3981 1246 4016 cum
1258 3970 1308 4036 td¹

199 4042 292 4097 Jutta'
326 4039 562 4103 cognominabatur.
600 4042 726 4092 Leonmd.
764 4056 836 4091 erere
861 4040 981 4089 concurri
1007 4046 1164 4101 oporteret;
1189 4043 1291 4105 rignum

200 4116 323 4166 Aretinus
334 4114 402 4175 apud
413 4112 673 4174 eundem.cires‚rire
685 4132 728 4166 eo·
764 4116 827 4165 tube
844 4114 964 4171 drudoni,
979 4112 1049 4161 eciee
1069 4113 1228 4179 instruenda,
1244 4122 1291 4168 miss
1349 4165 1356 4174 ,

199 4194 282 4247 tonos,
293 4192 318 4239 in
335 4196 435 4239 vetarer
453 4196 481 4239 et
498 4190 728 4241 novos.diatinctm
763 4192 823 4240 iiten
850 4186 1009 4247 cohortandi,
1032 4188 1132 4251 rignum
1144 4236 1147 4240 ,
1160 4190 1293 4246 dandum·

197 4265 279 4317 iniere
288 4265 366 4316 docet
377 4279 409 4313 ex
419 4263 513 4327 lepide,
524 4264 566 4329 qui
577 4266 672 4317 ibidem
684 4283 728 4319 ex·
765 4266 824 4318 Hoc
834 4271 1005 4330 prostremam
1025 4270 1123 4313 terrere
1139 4273 1179 4317 ert
1197 4278 1226 4321 et
1242 4272 1291 4336 rig·
