3150 4942
275 340 359 406 tutu
745 354 778 405 T.
805 354 897 405 ertit

272 501 415 581 vestigia
443 499 592 565 recentia
618 497 816 563 domestice
842 499 975 574 cladis„
1004 496 1064 561 ubi
1090 499 1282 563 avunculus
1302 497 1376 620 eJ'us

272 620 376 685 nuper
388 600 481 684 Eptn
492 620 552 664 ren
561 597 753 664 Alexander
764 599 1031 663 absumtuserat

316 703 371 767 18.
393 700 438 765 Et
452 701 621 785 loquimur
636 702 678 765 de
693 700 891 765 Alexandro
910 700 1057 764 noudum
1071 718 1190 764 merso
1216 700 1377 764 secundis

274 804 384 881 rebus,
400 822 541 886 querum
557 820 655 866 nemo
676 801 905 865 intolerantior
928 799 1018 863 luit.¹¹
1062 798 1144 880 Qui,
1158 802 1189 864 si
1202 820 1248 864 ex
1262 801 1379 863 habitu

274 924 373 969 norm
387 905 529 968 fortunae
545 903 705 985 novique,
720 910 761 965 ut
774 904 824 968 ita
838 903 962 981 dicam,
977 902 1114 983 ingenii,
1124 901 1218 985 quod
1230 903 1299 965 sibi
1311 902 1378 965 vic·

275 1014 330 1069 tor
344 1006 512 1080 indueret,
527 1010 705 1087 spectetur,
721 1003 827 1068 Dario
841 1006 949 1085 magis
965 1003 1096 1079 similis,
1110 1023 1213 1087 quam
1228 1002 1380 1066 Alexan·

274 1108 347 1181 dre.
363 1109 397 1171 iu
413 1108 548 1172 ltaliam
564 1106 724 1178 venisset,
737 1110 781 1183 et
804 1106 985 1170 exercitum
1008 1104 1223 1169 Macedouim
1238 1102 1380 1169 oblitum

276 1209 592 1292 degenerantemque
609 1208 680 1289 jam
695 1207 729 1269 iu
744 1205 926 1270 Persarum
941 1225 1051 1269 mores
1066 1204 1276 1269 adduxisset.
1308 1204 1378 1268 Re·

275 1309 360 1374 serre
385 1312 420 1375 iu
447 1318 542 1375 tauto
565 1328 645 1391 rege
665 1308 758 1391 piget
778 1310 955 1391 superbam
969 1307 1187 1371 mutationem
1200 1307 1358 1370 restiset

277 1409 486 1477 desideratas
517 1411 611 1475 humi
657 1411 842 1492 jacentium
869 1408 1105 1484 adulationes,⁰
1150 1408 1254 1471 etiam
1285 1409 1385 1471 victis

278 1510 531 1577 Macedonibus
545 1530 677 1593 graves,
693 1510 814 1575 nedum
829 1510 1061 1589 victoribus3⁸
1083 1518 1119 1574 et
1138 1508 1232 1575 soedu
1252 1508 1387 1592 suppli·

279 1614 344 1689 cin,
359 1619 392 1676 et
407 1615 491 1677 iuter
505 1612 618 1676 viuum
634 1618 668 1675 et
680 1612 802 1693 epulas
817 1609 930 1676 coedcs
945 1612 1137 1688 amicorum,
1153 1616 1187 1675 et
1200 1611 1387 1675 vanitatem

279 1713 496 1779 ementiendee
526 1714 649 1795 stirpis.
707 1711 812 1790 Quid,
842 1714 873 1777 si
901 1713 971 1776 viui
999 1732 1094 1777 amor
1121 1715 1155 1777 iu
1183 1713 1258 1776 dies
1287 1712 1388 1775 fieret

280 1814 412 1877 acriori
436 1814 528 1897 quid,
554 1815 584 1877 si
612 1822 690 1879 trux
718 1833 759 1879 uc
784 1814 983 1897 praefervida
1009 1816 1082 1879 irai
1103 1814 1388 1899 (necquicquam

281 1913 420 1979 dubium
437 1917 521 1979 inter
536 1918 719 1999 scriptores
734 1917 841 1981 resero
851 1916 878 1999 t)
889 1916 1034 1980 nullane
1054 1919 1127 1981 heec
1143 1916 1265 1981 damna
1278 1917 1389 1999 impe-

282 2016 417 2081 ratoriis
431 2017 610 2081 virtutibus
624 2016 804 2081 ducimusi
849 2018 891 2082 ld
906 2036 985 2082 vero
1000 2020 1182 2102 periculum
1197 2027 1282 2092 erat,
1290 2018 1389 2102 quod

282 2117 446 2181 levissimi
462 2138 507 2182 ex
522 2117 668 2196 Graecis,
684 2122 744 2204 qni
763 2120 964 2185 Parthorum
979 2139 1115 2204 quoque
1132 2126 1250 2184 coutru
1263 2138 1391 2183 nomen

285 2218 472 2285 Romanum
483 2221 599 2302 glutire
609 2221 734 2298 lavent,
745 2223 901 2286 dictitare
911 2222 1036 2300 solent,
1047 2242 1090 2286 ue
1103 2221 1314 2305 majestatem
1328 2240 1391 2283 uo-

285 2321 386 2384 minis
402 2323 586 2387 Alexandri
601 2323 715 2405 (quem
729 2342 771 2387 ue
787 2323 879 2388 sama
890 2325 1023 2407 quidem
1038 2325 1106 2389 illis
1119 2330 1234 2387 notum
1249 2322 1391 2386 arbitror
1500 2360 1507 2374 ·

285 2418 410 2504 luisse)
422 2423 587 2486 sustinere
602 2442 669 2487 uon
685 2426 832 2507 potuerit
846 2425 996 2509 populus
1012 2424 1200 2502 Romanus,
1214 2431 1259 2499 et,
1273 2423 1390 2487 adver·

287 2540 345 2583 sus
370 2539 469 2602 quem
486 2521 642 2601 Athenis,
668 2524 703 2586 in
729 2525 866 2589 civitate
889 2526 998 2590 fracta
1023 2526 1251 2591 Macedonum
1276 2525 1390 2602 armis,

319 2668 330 2701 ⁶
347 2670 461 2718 Molestus
473 2668 650 2727 Macedonibus,
662 2686 709 2721 ees
720 2678 814 2723 testem
824 2676 961 2735 uictoribus,
972 2680 1014 2728 sed
1022 2680 1060 2729 eet
1067 2680 1091 2727 si
1100 2678 1159 2727 uicti
1169 2676 1284 2737 srdsust·

322 2922 333 2967 t
353 2912 467 2963 Recentic
477 2914 701 2969 domesticoeeludt's.
712 2915 766 2979 ise]
782 2916 821 2977 st,
893 2927 906 2953 ⁰
921 2921 1155 2970 Desideratum
1166 2920 1391 2981 jumeris-edsio·

290 3002 393 3052 nempe,
422 2996 481 3051 poet
509 2998 617 3040 mortem
645 2994 764 3042 srnueuli
788 3008 821 3042 ex
860 2995 948 3059 tiones]
957 2994 1336 3049 AdoretlouemOrieutstinm‚
1346 2996 1391 3059 qni

291 3063 356 3114 Asia
374 3064 454 3113 redux
473 3063 568 3115 bellum
586 3068 612 3115 iu
629 3066 733 3116 ltslisnt
755 3068 822 3117 iutu·
863 3070 895 3119 sd
916 3070 995 3134 pedes
1016 3085 1104 3133 regum
1124 3070 1253 3121 sslntuudi
1271 3086 1350 3119 censs
1362 3086 1390 3119 se

290 3145 372 3195 llsset.
403 3146 467 3193 Eam
482 3152 592 3194 mortem
606 3145 689 3195 refert
701 3146 823 3195 Dodrrel-
864 3148 1072 3210 prosternebant,
1095 3160 1167 3209 crepe
1186 3146 1332 3195 sdslstims
1346 3160 1392 3194 no·

292 3223 332 3270 lns
346 3220 378 3270 sd
395 3235 488 3270 annum
500 3220 534 3269 U.
546 3222 577 3271 G.
588 3225 645 3272 ⁴21.
658 3223 700 3285 qui
714 3236 823 3286 preces·
864 3225 934 3271 mine
946 3222 1057 3285 intelligi
1069 3222 1152 3272 Oros.
1163 3218 1279 3285 pleribus
1290 3220 1393 3283 probst.

292 3297 328 3345 eit
338 3310 443 3357 suurtm,
460 3312 510 3361 quo
522 3296 555 3345 sd
570 3295 669 3347 Arbela
687 3299 772 3348 rictus
783 3306 826 3349 est
864 3296 967 3347 Sufficit
986 3298 1082 3347 Noster
1098 3296 1143 3346 lib.
1154 3308 1224 3347 xxx.
1235 3311 1294 3359 csp.
1305 3300 1345 3345 le.
1356 3295 1393 3343 tle

292 3374 399 3422 Darius.
419 3374 470 3421 nttt
482 3374 565 3422 serius
576 3375 786 3437 etrmcellocsnt,
797 3384 826 3426 et
864 3372 1106 3433 Carthaginensium
1129 3372 1242 3435 legetis:
1264 3375 1272 3399 ‘
1290 3371 1342 3420 Ubi
1364 3371 1392 3418 in

294 3446 398 3509 qnidam
409 3446 579 3509 qnsdrieunio
592 3457 661 3511 post.
679 3450 754 3500 Idem·
864 3453 951 3497 esstrs
963 3447 1080 3497 &rusus
1093 3456 1122 3496 et
1134 3447 1286 3498 emeriten
1302 3460 1394 3509 perre-

327 3522 464 3577 'Qwflem
487 3538 554 3573 neme
575 3526 741 3577 intolerantior
757 3529 824 3592 fnit]
863 3530 969 3585 nerunt,
994 3537 1067 3572 mere
1090 3522 1248 3573 edolsutism
1272 3524 1395 3585 (recepte

297 3600 400 3651 Novum
413 3613 465 3647 non
477 3607 526 3663 en,
536 3602 544 3628 ‘
555 3602 758 3653 intotenndnn’
773 3606 827 3654 met
866 3597 946 3647 credo
962 3597 1013 3646 nm
1029 3598 1063 3647 sb
1078 3611 1110 3646 ea
1122 3597 1228 3660 cesione
1238 3600 1396 3661 excuseri-

296 3688 344 3739 pro
361 3674 494 3735 insolenti,
513 3688 589 3737 quem
607 3689 683 3725 uento
701 3676 827 3740 {errepo-
867 3673 928 3721 uudi
943 3672 1031 3734 ersut)
1049 3671 1265 3733 procubuerunt!
1290 3673 1339 3721 rite
1356 3682 1396 3721 ts·

296 3757 360 3801 test.
394 3748 445 3798 Sed
462 3748 675 3799 ‘intuleruntem'
691 3752 732 3801 hic
748 3754 828 3803 sumit
867 3746 1329 3807 meuPersiesssdoratioues,sumtu
1337 3758 1397 3811 pust

297 3826 384 3877 birine
399 3839 445 3889 pro
457 3825 603 3888 impotenti,
619 3826 663 3889 qui
675 3825 785 3878 tortuose
797 3829 828 3878 tt·
868 3825 944 3874 Darii
962 3837 1052 3872 necem
1069 3822 1161 3872 habitu
1176 3824 1326 3885 Persarum,
1341 3826 1395 3873 ext·

298 3898 720 3965 lecebrsrsnpersrescterreuou
732 3909 828 3966 potest,
869 3914 930 3963 gere
950 3899 1033 3961 coepit
1050 3898 1209 3952 Alcxsnder.
1230 3912 1310 3961 seque
1327 3898 1396 3949 Jove

299 3978 346 4028 scd
373 3979 411 4025 ets
439 3977 592 4027 succumbit.
633 3976 693 4027 Nou
717 3977 828 4028 shsiruill
869 3974 1207 4037 Ammouegenitomeredl
1225 3974 1319 4023 rotmr:
1335 3988 1396 4037 qun

300 4068 376 4103 sensu
389 4054 484 4102 Lucan.
500 4056 508 4083 ‘
522 4054 579 4103 Nec
589 4067 616 4102 se
629 4054 710 4103 licens
725 4052 830 4105 sersus!
869 4066 926 4101 eum
943 4066 958 4100 s
977 4049 1165 4101 Mccedosibm
1180 4049 1400 4112 inprobsremnr,

300 4128 450 4191 Eodemque
466 4128 580 4188 pertinet
596 4129 742 4195 illnthrg.
759 4132 830 4181 ‘su-
870 4140 958 4176 eornm
985 4126 1072 4187 plnres
1095 4134 1179 4177 murts
1200 4125 1234 4175 sh
1256 4139 1289 4177 eo
1309 4125 1398 4189 ejusce

301 4201 415 4267 persnds
433 4203 515 4252 omnis
531 4202 632 4253 fortuna
650 4202 832 4257 ferendoest.'
866 4198 1049 4266 jussusffecti.
