3150 4942
346 364 438 479 ι1378
816 430 849 477 r.
872 428 969 479 nrvrr

351 570 432 634 titur
445 570 499 647 νίς
521 585 588 631 non
603 568 685 650 quia
695 567 774 651 plus
788 570 892 634 animi
905 571 1005 635 victis
1017 574 1105 647 σαψ
1127 570 1190 635 sed
1211 570 1330 635 melius
1342 570 1420 646 muri,

350 690 453 754 qnam
468 670 603 747 vultum,
619 676 766 733 amietos
787 676 910 737 arcent.
953 669 1036 734 Inde
1057 670 1227 754 lapidibus
1247 670 1423 754 propulsant

348 770 494 836 bostem.
539 770 666 854 Scipio,
679 771 744 835 nisi
757 773 794 836 in
809 773 917 854 primo
940 788 1073 855 pavore,
1097 772 1294 856 priusquam
1307 770 1423 851 collige

349 878 459 937 rentur
484 872 598 949 unimi,
620 878 788 938 traomctc
808 892 862 940 ren
889 881 991 949 emet,
1014 872 1186 937 lentiorem
1213 872 1287 937 tore
1308 872 1422 935 mnnita

350 973 442 1037 urbis
456 973 734 1057 oppugnationem
747 979 850 1050 ratus,
865 974 1040 1055 interrogat
1053 973 1192 1052 milites,
1203 972 1331 1037 ‘Satin'
1341 990 1422 1054 aquo

348 1075 459 1139 animo
473 1082 674 1158 paterentur,
700 1076 744 1139 ab
769 1075 877 1139 altero
899 1093 1000 1138 cornu
1024 1080 1135 1139 cestra
1157 1082 1265 1157 capta
1291 1090 1375 1135 esne:
1393 1090 1422 1135 sn

351 1175 494 1239 victores
514 1175 598 1259 pelli
623 1194 645 1239 a
666 1175 771 1259 portis
790 1174 919 1239 urbist'
962 1173 1241 1239 Reclamantibus
1268 1173 1421 1246 universis,

348 1275 475 1357 primns
490 1274 576 1357 ipse,
596 1284 693 1341 scuto
713 1293 815 1359 snper
839 1281 942 1358 caput
964 1276 1066 1353 elato,
1088 1276 1197 1358 pergit
1223 1274 1270 1339 nd
1293 1280 1419 1355 podem

349 1376 537 1453 secutialii,
562 1377 729 1442 testudine
752 1378 857 1455 iacta,
876 1378 912 1441 in
936 1377 1048 1442 urbem
1072 1382 1309 1461 perrumpunt:
1330 1373 1419 1439 detur·

348 1478 505 1559 bntinqne
520 1477 738 1555 Samnitibus,
754 1478 813 1562 qui
834 1479 925 1542 circa
944 1483 1077 1561 portam
1091 1484 1197 1553 erant,
1209 1494 1325 1541 muros
1339 1490 1421 1537 ocen-

348 1596 483 1659 pnnere.
527 1579 706 1645 Penetrarc
722 1580 756 1642 in
769 1585 797 1627 ¹4
816 1580 972 1643 interiora
986 1578 1091 1657 urbis,
1107 1579 1191 1664 qnia
1202 1578 1307 1662 pauci
1324 1575 1420 1639 admo

347 1678 426 1743 dnm
440 1684 544 1757 erent,
560 1698 628 1744 non
642 1680 775 1746 nudent.

388 1772 556 1846 taiflaee
578 1782 686 1864 primo
707 1782 858 1865 ignorare
874 1782 1006 1863 conant,
1026 1788 1060 1848 et
1079 1782 1230 1847 intentus
1249 1774 1420 1861 recipiendo

347 1880 508 1946 exercitui
523 1900 617 1947 esse:
635 1882 707 1967 jam
720 1883 807 1946 enim
827 1902 981 1967 princeps
1002 1883 1038 1946 in
1053 1901 1216 1947 commin
1232 1881 1374 1951 scierat,
1392 1881 1418 1938 et

346 1984 506 2062 appetens
521 2000 590 2046 nox
605 1983 792 2065 periculosa
807 1990 842 2047 et
852 1990 1017 2067 suspecta
1025 1982 1135 2047 omnia
1146 1983 1250 2047 etiam
1261 1978 1418 2044 victoribus

346 2078 502 2148 faciebat.
545 2081 748 2165 Progressus
763 2083 896 2165 longios
909 2084 953 2149 ab
969 2083 1088 2149 dextra
1101 2090 1212 2149 castra
1220 2088 1321 2167 cepta
1329 2076 1416 2143 ridet:

346 2180 391 2245 ab
405 2180 493 2245 laena
506 2182 683 2247 clemonem
698 2184 732 2247 in
747 2185 845 2248 urbe⁶
866 2184 1010 2247 mixtum
1026 2186 1247 2266 pugnantium
1262 2202 1302 2247 nc
1315 2193 1416 2263 pavet*

346 2282 430 2347 tium
444 2282 576 2347 fremitu
589 2302 675 2349 csse.
726 2283 771 2349 Et
785 2291 855 2349 tum
870 2284 955 2349 forte
970 2292 1139 2349 cennmcu
1152 2284 1196 2348 nd
1211 2288 1339 2367 portam
1351 2280 1414 2340 erni

346 2380 520 2447 Adventus
536 2384 653 2448 deinde
666 2403 754 2469 equo
769 2386 921 2468 propino,
945 2392 984 2449 nt
997 2404 1078 2450 suos
1090 2386 1128 2449 in
1141 2388 1248 2449 muris
1263 2383 1415 2457 videtne

338 2482 411 2564 jam
426 2482 546 2565 integri
561 2486 740 2568 quicquam
754 2496 860 2564 coac,⁸
880 2487 1040 2570 qnoniam
1051 2487 1240 2551 temeritate
1255 2492 1413 2570 pancorum
1477 2478 1480 2481 ’

346 2600 476 2663 magnae
493 2584 541 2647 rei
559 2590 653 2666 parta
667 2587 806 2650 occasio
828 2592 928 2663 essct,
942 2586 1056 2659 acciri,
1070 2606 1157 2671 qnae
1177 2587 1353 2671 receperat,
1370 2596 1414 2641 ⁰⁰·

343 2681 430 2764 pins,
442 2682 643 2763 sigunqncin
659 2685 770 2749 urbem
785 2685 896 2750 inferri
905 2686 1022 2769 jussit.
1065 2685 1212 2768 {agressi
1224 2684 1409 2769 proximae!

343 2786 476 2865 parte‚¹⁵
499 2782 580 2864 qnia
593 2800 660 2846 nox
676 2785 983 2867 appropinquabat,
997 2785 1165 2869 quievere.
1210 2786 1320 2851 Nocte
1334 2777 1411 2863 oppi-

344 2880 483 2946 dumah
509 2880 660 2947 hostibus
678 2881 851 2948 desertum
872 2892 934 2949 est.
977 2883 1078 2950 Caesa
1091 2885 1153 2951 illo
1168 2886 1279 2951 dicad
1292 2879 1411 2965 Aqnno

343 2984 431 3047 niam
444 2982 641 3047 Samnitium
657 2984 762 3048 millia
776 2985 914 3066 triginta
927 2986 1067 3049 trecenti
1081 2987 1316 3070 quadraginta:
1329 2986 1410 3063 cepit·

344 3084 408 3147 tria
423 3084 528 3147 millia
541 3084 721 3165 octingenti
738 3090 773 3150 ct
787 3084 1022 3167 septuaginta:
1045 3086 1141 3167 signa
1164 3087 1317 3153 militaria
1327 3095 1409 3147 nonn-

342 3184 433 3263 ginta
447 3188 585 3266 neptem.
630 3184 785 3248 Ceterum
800 3183 883 3248 illud
900 3186 1069 3249 memorien
1090 3188 1241 3265 traditur,
1256 3184 1409 3253 conterno

342 3284 446 3347 atium
462 3283 582 3347 ducem
603 3283 767 3349 laetiorem
787 3286 823 3349 in
837 3284 911 3350 acie
932 3286 1055 3362 visum,
1069 3305 1130 3349 sen
1148 3297 1272 3371 suopte
1288 3278 1407 3364 ingenim

343 3403 405 3447 scu
421 3383 542 3449 fiducia
557 3386 639 3449 bene
654 3386 810 3467 gerundae
824 3385 883 3449 rei.
927 3384 982 3448 Ab
996 3385 1116 3450 eodem
1130 3388 1250 3452 robore
1264 3382 1356 3451 animi
1366 3394 1406 3441 nt

374 3565 388 3589 ⁸
404 3559 438 3607 Et
449 3574 499 3609 rem
509 3575 555 3610 non
565 3577 615 3612 erne
624 3564 723 3626 nuptiae
733 3562 759 3613 ia
768 3564 869 3626 integro.

794 3702 976 3726 mmm„

340 3802 455 3851 Gronov.
465 3802 581 3852 crevier.
593 3804 700 3853 nti-12
717 3805 812 3865 Arm
822 3802 903 3854 deteri
914 3804 986 3853 metit
995 3804 1023 3855 J.
1036 3806 1066 3855 F.
1084 3804 1266 3855 Ground-18
1284 3804 1346 3852 Emi
1355 3795 1404 3844 (Μ’

340 3880 401 3914 uon.
412 3866 519 3929 Donjnt.
530 3868 706 3919 Credon-lt
723 3870 753 3918 ln
764 3868 812 3919 det.
826 3868 870 3917 iid.

375 3932 405 3977 tt
423 3928 526 3979 ‘Video
537 3933 598 3981 otton
610 3941 729 3995 suspectu
743 3933 881 3996 petrianae
893 3930 973 3980 inbre
984 3932 1040 3979 tunc
1052 3930 1131 3980 uerbo
1143 3946 1151 3980 r
1170 3931 1405 3998 ascripsitqnoyfl‘·

343 3992 391 4041 imo
399 3998 484 4057 porto.
515 3994 568 4045 Sed
580 3996 730 4061 tegendum:
749 3996 853 4077 ingrati
866 3996 983 4059 proxinm,
993 4010 1022 4044 ro
1039 3999 1116 4057 porte,
1133 3998 1190 4059 guin
1202 4010 1252 4044 nox
1261 3996 1404 4059 ΜΨ

832 4155 939 4207 NOTAE

736 4264 746 4289 ⁶
764 4252 871 4315 Inurbr]
888 4250 1033 4318 Aquilonia.
