3150 4942
558 427 630 474 urs.
654 425 722 474 vn.
744 425 827 476 nur.
848 407 903 476 25.
1194 407 1280 478 1063

184 569 330 652 umphus
346 587 368 632 a
382 565 529 650 Popillio
550 565 592 632 de
614 566 727 634 Gallis
750 575 847 634 actus
866 585 988 652 mupno
1006 569 1126 634 favore
1147 569 1278 651 piebisz

183 682 441 754 mussantesque
455 671 541 733 inter
561 688 599 734 se
621 671 817 752 rogitabant,
832 675 934 735 ‘num
949 691 1047 754 quem
1063 671 1186 754 plebeii
1200 692 1279 738 cou-

184 771 271 836 sulis
285 771 458 854 poeniteret
467 769 494 832 i’
536 769 643 838 Simul
658 771 857 837 dictatorem
871 772 1103 855 increpabant,
1117 773 1176 855 qui
1190 773 1277 854 legis

183 871 326 938 Liciniae
338 878 462 954 spretae
475 872 659 936 mercedem
669 871 920 949 consulatum,¹⁵
935 873 1068 955 private
1080 872 1278 956 cupiditate,

182 991 281 1056 quum
297 971 434 1056 publica
447 970 579 1056 injuria,
592 972 776 1050 foediorem,
791 974 952 1056 cepisset,
967 980 1053 1038 ntae
1067 976 1142 1057 ipse
1155 993 1278 1040 eonsu-

181 1073 250 1138 lem
278 1072 422 1138 dictator
446 1076 585 1139 crearet.
627 1071 769 1137 Annus*
799 1073 913 1138 multis
937 1074 1104 1158 variisque
1132 1075 1277 1140 motibus

181 1174 244 1239 fuit
255 1174 404 1257 insignis.
448 1173 539 1239 Galli
554 1191 599 1238 ex
617 1171 756 1238 Albanis
775 1174 953 1252 montibus,
968 1176 1051 1258 quia
1064 1174 1194 1259 hyemis
1209 1177 1276 1240 vim

181 1276 252 1361 pati
276 1277 503 1358 nequiverant,
527 1293 588 1357 per
609 1292 748 1359 campos
769 1273 1002 1356 maritimaque
1026 1274 1199 1358 loca·vagi
1214 1295 1276 1359 po-

181 1377 391 1459 pulabantur.
441 1373 538 1440 Mare
563 1375 721 1440 infestum
744 1375 915 1439 classibus
941 1375 1163 1440 Graeeorum·
1190 1386 1275 1455 erut,

182 1495 309 1561 oraque
332 1475 455 1541 littoris
480 1474 641 1553 Antiatis,
669 1476 885 1558 [aureusque
911 1481 1053 1554 tractus,
1079 1485 1116 1542 et
1141 1478 1275 1542 Tiberis

182 1579 292 1658 ustiu;
322 1586 361 1643 ut
384 1577 560 1661 praedones
584 1575 749 1653 maritimi,
773 1594 850 1640 eum
870 1578 1079 1642 terrestribus
1091 1580 1275 1660 congressi,

180 1680 318 1764 ancipiti
334 1679 435 1744 semei
456 1677 576 1762 praelio
597 1677 809 1754 decertarint,
823 1675 984 1760 dubiique
1003 1677 1218 1743 discesserint
1238 1679 1273 1744 iu

180 1787 288 1845 cestra
302 1777 406 1857 Galli,
421 1777 535 1844 Graeci
556 1785 646 1842 retro
668 1778 710 1842 ad
726 1796 846 1856 neves,
861 1779 970 1844 victos
992 1797 1043 1856 se,
1059 1798 1103 1844 an
1117 1780 1273 1856 victores,

178 1886 346 1962 putarent.
368 1879 457 1944 Inter
469 1880 530 1944 irus
540 1877 565 1918 ¹⁶
578 1879 678 1960 iunge
692 1877 861 1942 maximus
874 1877 988 1943 extitit
1002 1883 1117 1955 terror,
1130 1877 1274 1942 eoncilia

177 1980 374 2062 populorum
388 1979 583 2044 Lutinomm
592 1978 637 2044 ad
647 1979 757 2042 lucum
770 1977 958 2043 Ferentium
968 1974 980 2014 f
989 1977 1122 2043 habitu:
1136 1995 1273 2060 respuu-

178 2099 319 2164 sumque
351 2080 440 2147 haud
468 2081 661 2163 ambiguum
686 2078 926 2161 imperantibus
955 2077 1081 2142 milites
1108 2077 1273 2142 Romamn

178 2182 303 2260 datum,
329 2181 546 2246 ‘absisterent
569 2179 730 2262 imperare
753 2178 809 2254 iis,
827 2196 967 2260 quorum
984 2176 1112 2242 auxilio
1132 2184 1273 2259 egerent.

177 2281 319 2348 Latinos
333 2301 395 2365 pro
411 2301 473 2347 sua
487 2281 640 2345 libertate
656 2277 785 2362 potius,
801 2295 903 2361 quam
917 2297 979 2360 pro
995 2277 1106 2341 uiieuo
1118 2277 1272 2360 imperio,

176 2384 298 2448 laturos
312 2382 425 2449 arma?
468 2382 559 2447 inter
582 2381 649 2445 dno
674 2379 773 2445 simui
795 2377 890 2442 bella
914 2384 1065 2456 externa,
1088 2377 1272 2442 deiectione

159 2469 278 2548 “etiam
289 2485 455 2550 sociorum
466 2491 600 2550 senetus
612 2481 746 2558 anxius,
757 2500 834 2544 cum
845 2487 990 2544 cerneret
999 2484 1088 2543 metu
1099 2478 1271 2553 tenendos,

175 2603 261 2667 quos
285 2584 369 2650 tides
391 2605 456 2650 non
481 2585 652 2662 tenuisset,
677 2581 858 2646 extendere
881 2599 999 2644 ornnes
1025 2577 1156 2662 imperii
1181 2581 1271 2642 vires

174 2685 328 2750 consules
352 2685 482 2750 deiectu
505 2684 656 2750 habendo
677 2681 790 2766 jussit.
833 2678 936 2743 Civili
961 2678 1091 2763 quippe
1115 2677 1270 2742 standum

175 2781 325 2852 exercitu
339 2795 439 2865 esse,⁸
461 2785 595 2890 quaudo
611 2783 748 2850 socialis
763 2778 900 2846 emtus*
922 2780 1123 2846 desereret.¹⁷
1166 2777 1269 2844 tinen
1340 2841 1346 2847 .

627 2943 811 2967 ”mum

207 3050 237 3097 15
254 3049 372 3098 ‘Vocem
387 3049 532 3098 manturna
549 3045 722 3110 importunam
734 3052 762 3093 et
775 3043 887 3106 glossam
899 3053 965 3101 aare,
977 3045 1059 3102 reete,
1069 3038 1171 3101 opiner,
1186 3039 1270 3101 surpt-

174 3121 249 3162 ettnr
259 3112 393 3177 Deerinpl
410 3113 577 3176 itum-re
594 3111 664 3162 Ister
672 3109 849 3160 taeeGruunr.
859 3104 967 3170 Dnrjrt.
977 3103 1159 3156 curren-rr
1175 3103 1269 3152 Eruen-

665 3249 772 3304 NOTAE

204 3353 220 3382 '
237 3350 426 3402 uncant.
738 3350 892 3396 contentum
908 3355 966 3391 este
983 3355 1012 3389 re
1027 3339 1123 3404 ntique,
1140 3339 1269 3387 intrauere

204 3425 351 3475 ⁸Ginrritrrt
372 3423 521 3488 Granum]
540 3423 609 3474 rude
630 3422 700 3473 inira
738 3419 816 3470 alieni
828 3419 882 3468 reis
900 3426 930 3467 nt
941 3413 1270 3466 rumdieimusttrteeon·

170 3505 283 3565 capre.
739 3487 1269 3556 rentir,rtrreJudieieatteujutrqueme-

204 3577 215 3612 ¹
230 3577 272 3627 Ae
293 3577 370 3626 luem
390 3573 537 3637 Ferentinis]
555 3573 596 3623 Ad
620 3580 700 3637 eaput
739 3568 773 3618 do
783 3569 840 3619 cic.
852 3582 901 3630 pru
909 3565 1075 3617 citent-‘Et
1087 3570 1197 3628 uterque
1206 3577 1269 3613 een·

171 3667 246 3717 rqnu
265 3651 409 3701 Ferentium
427 3649 473 3699 nn.
491 3663 511 3700 ι.
532 3663 590 3713 esp·
606 3653 647 3700 at.
664 3649 700 3698 ibt
739 3657 783 3695 aer
804 3643 919 3694 senuerit
935 3641 1057 3705 opinione
1075 3639 1195 3690 standum
1215 3652 1268 3688 nen

170 3727 239 3775 enim
251 3723 528 3774 Iatinirniennimore
546 3723 631 3787 pentir
646 3737 698 3772 rnu
739 3718 861 3782 putarit!
892 3716 968 3772 Quod
980 3729 1031 3765 non
1043 3715 1109 3764 rusie
1119 3713 1268 3763 sietiriiice

171 3798 428 3851 eumitirhrbeirrut.
738 3793 915 3856 expresserint
932 3793 952 3841 rt
968 3805 998 3840 ιι
1008 3789 1093 3849 scibit
1102 3789 1224 3838 dueum
1232 3789 1267 3848 tr,

202 3871 699 3938 scniuqmppnnrnmxmtem]
737 3862 1269 3926 itreseitottteairrtnaeurrrteduitoym

170 3949 359 4000 Deficientibus
373 3947 699 3998 roeiirureerseiieurrutr
737 3945 806 3992 mir.

170 4025 223 4074 erit
248 4033 278 4074 nt
305 4037 347 4072 res
373 4037 433 4074 aurs
463 4021 575 4087 proprii·
602 4020 698 4070 viribus
769 4015 783 4050 ¹
806 4015 908 4066 nates·
929 4011 1013 4074 entur]
1042 4011 1103 4061 Nou
1129 4011 1268 4074 nuneequit

171 4105 313 4157 tuerntnr;
330 4103 359 4146 et
377 4095 494 4146 exercitu
510 4108 544 4145 ea
563 4095 622 4145 reiis
635 4095 698 4144 eivi-
738 4087 1267 4144 Gruumeieitareoetrrsrrexereitumeuinr

169 4171 219 4222 bur
238 4169 346 4222 ennflsto
371 4179 443 4221 rtent
466 4171 522 4220 sire
545 4171 699 4221 consistunt.
739 4166 860 4219 rneiuiem
881 4165 949 4214 reiet
969 4164 1057 4214 disere
1075 4164 1180 4215 Livius:
1202 4164 1267 4214 rutis

171 4247 267 4296 Potest
275 4254 302 4296 et
315 4245 437 4298 ‘standi'
454 4245 560 4297 terbum
574 4245 640 4296 sumi
652 4257 699 4308 pru
740 4239 1047 4304 commereamur
1074 4245 1160 4304 putet,
1178 4236 1268 4302 Μαι,
