3150 4942
559 451 631 500 nra.
655 451 721 500 vn.
744 451 827 500 cer.
849 438 904 503 34.
1202 443 1287 508 1083

189 589 256 654 iem
289 589 435 655 infimam
462 591 648 656 demitteret
659 601 683 644 ¹⁹
719 596 881 674 agmeu';⁰
911 592 952 658 Ρ.
981 593 1109 661 Decius
1133 599 1286 666 tribunus
1367 577 1371 590 ¹

189 691 354 755 miiitum?
376 695 543 775 conspicit
558 712 658 757 uuum
674 693 798 757 editum
814 695 849 756 iu
863 695 950 758 saltu
966 696 1099 772 collem,
1115 698 1287 764 imminen-

188 797 257 856 tem
272 793 418 858 hostium
432 796 563 871 castris,
587 793 679 857 aditu
701 793 840 858 arduum
855 794 1015 878 impedito
1030 799 1166 879 agmini,
1180 820 1283 884 expe·

188 893 267 957 ditis
278 894 367 958 haud
383 893 559 958 diffinitam.
583 895 701 979 Itaque
716 896 848 958 consuli
862 898 977 960 territo
989 899 1102 976 animi,
1116 898 1286 966 ‘Videsne

187 992 245 1070 tu,'
260 994 379 1077 inquit,
394 993 458 1061 ‘A.
475 995 622 1073 Corneli,
637 1015 801 1060 cacumen
814 997 895 1062 iilud
911 1017 1015 1081 supra
1029 1000 1185 1065 hostemi
1214 1001 1285 1067 Arx

187 1093 246 1157 iila
260 1101 310 1158 est
325 1095 399 1176 spei
414 1095 599 1179 salutisque
614 1103 749 1175 nostem,
762 1099 792 1160 si
803 1116 889 1174 eam,
903 1119 1004 1181 qnam
1020 1100 1106 1164 caeci
1121 1103 1284 1185 reliquere

186 1193 365 1271 Samnites,
398 1197 538 1280 impigre
564 1199 726 1281 capimus.
770 1197 867 1262 Ne²⁰
896 1205 931 1262 tu
959 1199 1039 1263 mihi
1063 1201 1149 1283 plus,
1180 1209 1284 1286 qnam

186 1295 283 1358 unius
298 1296 436 1375 legionis
445 1299 615 1382 principes
628 1299 862 1383 hastatosque,
875 1299 1019 1363 dederis.
1063 1301 1148 1366 Cum
1162 1307 1284 1386 quihus

185 1395 246 1458 nbi
260 1413 397 1462 evasero
411 1397 445 1460 iu
460 1417 636 1477 summurn,
652 1419 753 1480 perge
767 1399 844 1463 hiuc
859 1401 948 1464 omni
963 1401 1046 1465 liber
1062 1410 1165 1480 metu,
1187 1413 1284 1488 teque
1329 1411 1336 1422 ‘

185 1501 222 1560 et
237 1499 420 1561 exercitum
436 1518 544 1564 serva.
589 1499 711 1584 Neque
724 1502 810 1564 enim
826 1502 954 1564 moveri
969 1501 1091 1579 hostis,
1108 1505 1282 1588 subjectns

170 1599 283 1686 'nobis
307 1599 350 1662 ad
373 1619 488 1663 omnes
517 1602 616 1679 ictus,
647 1606 719 1666 siue
743 1604 981 1685 sna'peruicie
1009 1606 1143 1685 poterit.
1202 1605 1280 1668 Nos

185 1695 305 1762 ddude
320 1707 378 1764 aut
392 1701 524 1764 fortuna
540 1702 658 1786 populi
674 1701 832 1779 Romani,
848 1709 907 1768 ant
918 1710 1036 1766 nostra
1058 1704 1163 1768 virtus
1176 1724 1283 1787 expe·

184 1799 273 1863 dict!
316 1799 757 1874 Collaudatusahconsn1e‚
773 1811 916 1886 accepto
933 1804 1105 1886 praesidio,
1120 1805 1215 1869 vadit
1225 1826 1282 1870 oc·

184 1899 295 1966 cuitus
310 1921 370 1983 per
380 1903 526 1982 saitnm3
548 1905 609 1968 nec
622 1905 716 1986 prins
732 1905 775 1968 ah
790 1905 887 1968 hoste
902 1914 954 1968 est
964 1907 1070 1981 risus,
1080 1925 1181 1989 quem
1192 1907 1280 1983 ioco,
1319 1927 1323 1932 ’

183 2003 283 2086 quem
298 2003 449 2084 petebat,
464 2004 762 2086 appropinquarit.
810 2003 893 2067 Inde
916 2003 1138 2066 admiratione
1159 2024 1283 2087 paven-

184 2102 275 2166 tibus
289 2105 432 2180 cunctis,
448 2123 523 2168 cum
536 2105 679 2168 omnium
696 2105 731 2167 in
746 2111 788 2167 se‘
799 2105 953 2167 vertisset
967 2105 1086 2166 ocutos
1098 2111 1134 2182 ς*1
1155 2112 1189 2168 et
1202 2125 1281 2186 spe-

183 2203 267 2267 tium
293 2204 423 2268 conenii
447 2203 538 2268 dedit
563 2203 607 2267 ed
631 2203 889 2268 subducendum
913 2221 1028 2284 agmen
1049 2204 1280 2285 iuoeqniorenr

183 2302 306 2379 locum,
321 2313 355 2367 et
370 2306 443 2386 ipse
464 2305 496 2366 in
512 2322 644 2367 summo
660 2303 814 2366 constitit
831 2303 967 2366 vertice.
1011 2304 1187 2379 Samnites,
1202 2302 1281 2368 dum

183 2401 250 2466 hnc
274 2403 353 2468 iiiuc
379 2405 476 2484 sigua
503 2409 643 2473 vertum,
668 2389 848 2486 utriusque
876 2403 923 2466 rei
941 2405 1066 2466 amissa
1090 2405 1280 2477 occasione,

181 2521 289 2586 neque
307 2505 438 2587 insequi
465 2505 648 2581 consulem,
676 2504 740 2567 uisi
763 2523 822 2586 per
845 2504 982 2567 eandem
1006 2503 1140 2583 vallem,
1164 2505 1198 2567 in
1212 2523 1280 2588 qna

182 2605 286 2688 panio
302 2612 380 2669 ante
401 2605 590 2687 subjectum
613 2623 687 2668 enm
713 2604 791 2669 telis
817 2603 888 2667 suis
909 2604 1102 2680 habuerant,
1126 2615 1279 2688 possunt,

173 2722 244 2768 uec
260 2705 384 2786 erigere
399 2724 515 2788 agmen
530 2706 563 2768 in
581 2710 715 2786 captum
732 2723 887 2787 superse
902 2705 947 2769 ab
971 2705 1079 2769 Decio
1102 2705 1279 2770 tumulum.

217 2983 248 3029 1⁹
264 2979 318 3030 ‘Es
331 2979 428 3043 aliquot
439 2981 503 3031 Mes.
512 2979 663 3030 demitterent
674 2991 797 3041 recepere
808 2980 890 3029 Gron.
901 2987 929 3028 et
940 2980 1021 3030 Drek.
1030 2978 1073 3042 qui
1082 2991 1218 3041 perpetem
1227 2979 1279 3027 hee

182 3041 288 3094 verbum
299 3045 332 3093 ed
343 3043 470 3095 Samnites
481 3043 613 3094 referunt?
631 3043 802 3106 Repete-w
817 3043 870 3092 Nee
880 3043 994 3092 Gronov.
1008 3042 1117 3105 Doojst.
1129 3041 1278 3093 Crevier.-

679 3186 787 3238 Nossa·

214 3295 226 3320 ⁰
255 3287 399 3336 Demittmt
418 3285 593 3350 [deuittereet]
613 3282 711 3346 quen]
750 3289 852 3345 tempere
864 3280 946 3331 Decio
955 3293 1005 3330 uou
1015 3279 1107 3330 fnisset
1118 3282 1277 3344 superiorein

181 3361 293 3409 Venient
304 3361 480 3423 exempterie=
498 3360 614 3424 pieriqne
624 3360 650 3408 iu
658 3359 708 3407 siu·
749 3359 860 3407 huetium
872 3357 965 3406 cestris
976 3358 1069 3406 eciienr
1079 3359 1233 3420 occupandi.

178 3435 264 3498 ‘uteri
273 3433 478 3485 unmerohebent
486 3435 635 3493 dimittente
646 3447 708 3482 nen·
780 3441 796 3475 a
811 3433 844 3483 P.
854 3433 944 3483 Decies
954 3432 1063 3481 triheses
1070 3431 1185 3494 mititem]
1209 3433 1277 3496 Ceg-

183 3510 247 3558 reniii
265 3511 290 3558 in
308 3525 415 3559 numero
436 3511 617 3572 mnititndinis,
627 3509 708 3558 dimit·
747 3515 872 3557 nomento
888 3509 958 3570 hius,
977 3508 1021 3571 qni
1035 3513 1096 3555 tunc
1111 3507 1218 3570 legionis
1231 3508 1277 3558 tri·

177 3589 268 3634 tereret.
304 3585 361 3634 iioc
372 3585 486 3634 Gronov.
499 3583 601 3647 probet,
616 3581 708 3632 refert·
748 3577 841 3640 honae,
859 3591 949 3648 poetes
967 3583 1057 3632 cenent
1075 3597 1104 3633 se
1125 3597 1172 3646 pro
1193 3584 1277 3647 petris

178 3660 274 3724 quaed
286 3661 421 3709 senense.
455 3660 519 3708 Mihi
537 3659 641 3721 enigsts
655 3671 707 3706 rue·
748 3660 862 3708 devovit.

177 3736 218 3799 gis
238 3734 344 3797 stridet,
361 3741 391 3784 nt
407 3735 439 3784 ed
451 3734 598 3784 cernelium
616 3745 706 3782 eonsu-
779 3731 1275 3796 stammana-summram

175 3811 230 3859 iens
246 3809 387 3858 itomsuurn
404 3808 540 3859 referetur.
566 3809 629 3857 Vuit
640 3808 706 3858 enim
747 3811 850 3860 meiere
865 3811 928 3858 e'sse
940 3810 1050 3857 venen
1064 3809 1156 3870 uetes]
1175 3807 1275 3855 Herem

179 3886 282 3946 Livius,
299 3885 324 3934 ni
341 3884 427 3947 ieiior,
440 3891 592 3947 expectasse
607 3883 706 3933 Sernui·
747 3886 856 3955 douram
878 3884 983 3934 ridetur
1004 3885 1115 3931 etternen
1137 3879 1275 3942 sufficere3

175 3967 229 4023 tes,
256 3961 339 4009 donee
367 3961 497 4010 ansnns
524 3960 654 4010 exercitae
681 3959 707 4007 is
747 3975 796 4009 uec
824 3960 957 4008 Livtenurn
989 3957 1051 4004 estis
1084 3955 1188 4005 videtur
1214 3967 1276 4020 poet

175 4037 268 4088 iniisse
278 4037 352 4086 retiis
366 4035 552 4099 descendisset,
569 4050 622 4100 quo
633 4035 657 4084 ei
673 4048 707 4083 ex
746 4035 838 4084 aedis
854 4033 950 4082 addere
960 4031 1080 4080 enam:
1097 4030 1217 4095 eitndqee
1229 4032 1273 4080 ed·

178 4114 242 4164 iocis
249 4112 401 4162 editioribus
413 4113 621 4176 supervenirent.
639 4109 707 4158 Nem
748 4108 860 4167 mirstio,
875 4105 944 4155 eited
962 4117 1051 4167 petor.
1085 4105 1154 4154 iited
1176 4107 1273 4170 iteque,

178 4195 211 4237 et
232 4187 281 4250 ipsi
301 4185 504 4247 descenderent,
527 4200 577 4236 nen
600 4185 707 4235 muitum
746 4182 904 4231 maneum
919 4178 1058 4243 permittes
1072 4181 1173 4243 eeeetie,
1191 4179 1275 4230 tibens

138 4315 143 4324 ,
178 4261 659 4327 erstruuroeiuterpeuendum3etque
672 4259 707 4312 ite
747 4269 871 4309 resecem.
