3150 4942
556 397 630 445 mu.
654 396 723 446 vn.
747 397 829 446 cas.
850 383 906 446 12.
1200 385 1287 450 loss

188 537 319 605 Manlio
336 537 543 612 consulibus,
557 536 666 620 primo
682 537 815 604 silentio
830 541 939 634 noctis
954 543 998 605 ab
1012 541 1136 605 Tibure
1149 543 1283 623 agmine

186 640 307 704 iusesto
334 639 486 721 protecti,
514 640 557 704 ad
583 640 697 704 urbam
725 638 871 706 Romam
896 648 1064 707 venerunt.
1107 642 1284 706 Terrorem

186 745 321 823 repente
337 757 379 802 ex
404 759 521 803 somno
543 741 702 804 excitatis
718 743 833 807 subita
854 761 909 806 res
931 753 966 806 et
984 753 1162 808 nocturnus
1176 763 1284 825 pavor

185 841 345 922 praebuit:
361 840 404 904 ad
416 838 504 904 hoc⁶
518 840 696 905 multorum
711 842 881 919 inscitia,m
897 845 967 925 qui,
980 852 1041 906 aut
1053 843 1151 920 unde,
1166 844 1283 908 hostes

185 942 411 1006 advenissent.
457 940 710 1006 Conclamatum
732 950 846 1007 tamen
871 945 1025 1008 celeriter
1047 945 1091 1007 ad
1113 965 1206 1010 arma
1219 951 1283 1020 est,

185 1050 220 1106 et
248 1049 355 1125 portae
393 1042 595 1106 stationibus
624 1043 776 1126 murique
800 1045 969 1125 praesidiis
993 1043 1135 1108 firmati:
1168 1048 1201 1107 et
1223 1045 1283 1109 ubi
1358 1115 1363 1121 ,

183 1143 291 1226 prima
316 1142 378 1205 lux
404 1141 609 1206 mediocrem
637 1142 885 1206 multitudinem
912 1149 989 1207 ante
1014 1146 1148 1222 moenia,
1173 1164 1282 1228 neque

183 1244 298 1336 alium,
325 1262 428 1325 quam
452 1243 638 1318 Tiburtem,
665 1242 796 1306 bostem
821 1244 980 1320 ostendit,
1008 1245 1140 1309 duabus
1169 1247 1281 1327 portis

182 1347 306 1427 egressi
330 1345 489 1408 consules
509 1345 679 1425 utrimque
704 1344 813 1407 aciem
837 1345 1047 1409 subeuntium
1066 1346 1139 1429 jam
1166 1365 1281 1411 muros

182 1447 433 1528 aggrediuntur:
449 1446 685 1532 apparuitque,
701 1447 883 1509 occasione
898 1447 1017 1528 magis,
1032 1465 1132 1529 quam
1144 1447 1279 1525 virtute,

179 1547 284 1611 fretos
305 1547 452 1610 venisse.
495 1545 594 1609 Adeo
616 1547 674 1609 vix
696 1549 839 1628 primum
863 1547 1023 1631 impetum
1047 1544 1279 1612 Romanorum

180 1649 374 1712 sustinuere.
419 1647 509 1725 Quin
536 1647 637 1711 etiam
664 1649 754 1712 bono
780 1648 887 1711 fuisse
913 1647 1076 1712 Romanis
1102 1649 1279 1713 adveutum

181 1767 296 1814 eorum
311 1751 495 1826 constabat,
521 1749 747 1832 orientemque
759 1749 832 1833 jam
848 1750 1048 1814 seditionem
1060 1751 1143 1813 inter
1159 1749 1279 1814 Patres

179 1857 212 1915 et
233 1851 366 1933 plebem
390 1857 477 1914 metu
502 1857 569 1914 tam
594 1851 774 1934 propinqui
799 1853 878 1914 belli
893 1869 1133 1933 compressam.
1176 1849 1278 1914 Alius

179 1950 341 2015 adrentus
354 1952 498 2016 bostium
519 1951 586 2015 suit
601 1953 759 2034 proximo
774 1949 893 2029 bello,⁷
903 1960 918 1986 ¹*
939 1953 1042 2033 agris,
1058 1969 1161 2034 quam
1178 1951 1277 2030 Urbi,

178 2052 364 2116 terribilior.
417 2051 654 2135 Populabundi
682 2051 946 2133 Tarquinienses
974 2051 1059 2114 lines
1089 2051 1279 2129 Romanos,

177 2153 417 2235 maximeque
448 2173 491 2217 ex
518 2163 614 2234 parte
639 2152 806 2216 Etruriam
833 2150 1015 2236 adjacent,⁸
1038 2170 1277 2233 peragravere:

176 2255 345 2337 rebusque
367 2256 591 2337 nequicquam
606 2253 765 2334 repetitis,
789 2253 868 2316 novi
887 2248 1069 2316 cousules'
1091 2249 1131 2314 C.
1148 2249 1277 2315 Fabius

177 2363 212 2419 et
227 2354 266 2419 G.
282 2355 443 2420 Plautius
454 2355 556 2438 jussu
573 2353 694 2437 populi
709 2353 835 2418 bellum
851 2352 1024 2432 indixere;
1047 2351 1222 2436 Fabioque
1235 2372 1277 2418 ea

176 2457 361 2540 provincia,
387 2456 521 2521 Plautio
539 2456 676 2520 Hernici
697 2473 844 2518 evenere.
889 2453 1013 2519 Gallici
1033 2472 1169 2538 quoque
1195 2454 1276 2518 belli

175 2556 265 2621 fama
279 2556 553 2620 increbrescebat.
597 2555 665 2620 Sed
681 2555 765 2618 iuter
779 2555 900 2619 multos
915 2560 1057 2619 terrores
1073 2555 1199 2619 solatio
1210 2555 1276 2620 init

175 2677 245 2740 pax
261 2658 392 2722 Latinis
405 2659 590 2742 petentibus
607 2656 697 2734 data,
713 2664 747 2720 et
760 2675 883 2738 magna
899 2657 951 2720 vis
966 2657 1105 2721 militnm
1121 2658 1164 2720 ab
1176 2657 1218 2720 iis
1229 2675 1273 2720 ex

634 2803 815 2825 ὒΙΙΝΝΙΜΙ

207 2892 222 2936 c
241 2887 319 2951 vulg.
338 2887 488 2937 lamule-6
504 2887 565 2936 Vct.
583 2886 714 2950 librauit
735 2864 825 2949 Sigon.
844 2887 876 2935 ud
894 2886 1001 2936 ἤια-7
1019 2883 1170 2944 legendnm
1186 2891 1274 2933 mouet

174 2951 236 3002 Tau.
249 2953 333 3002 Faber
352 2967 414 3002 uara
426 2966 473 3016 pro
489 2952 607 3001 bella—8
622 2952 748 3002 ‘Veteres
766 2952 836 3013 libri,
857 2965 904 3014 qua
920 2964 953 3000 ec
965 2954 1033 3013 pum
1050 2949 1153 2997 uenere
1169 2947 1271 3007 «diuet

669 3081 775 3130 norm
853 3051 860 3065 '

173 3175 360 3241 tabefaceret,
371 3177 440 3240 qnod
451 3183 508 3226 erut
521 3178 628 3226 Flamen
638 3177 701 3227 Cur·
741 3177 804 3226 riori
827 3190 921 3226 versu:
939 3179 967 3224 et
983 3173 1058 3239 qumi
1075 3172 1215 3222 absurdum
1230 3173 1274 3236 rlt,

173 3254 300 3310 mentalis,
321 3254 406 3317 plebis
425 3261 516 3302 contra
535 3262 621 3316 parrer
640 3265 701 3302 eon·
742 3258 801 3314 post
809 3249 936 3314 propinqui
946 3249 1010 3309 belli,
1021 3247 1074 3297 dici
1090 3262 1149 3297 mox
1164 3248 1272 3312 prosim

171 3327 297 3383 titutione
319 3335 348 3378 et
368 3328 497 3377 seditione
520 3331 650 3390 nuntiata,
672 3334 702 3378 ut
741 3326 809 3376 telle.
843 3327 948 3376 Idcirco
965 3323 1103 3387 legendum
1119 3323 1273 3386 aitpruoeine

171 3410 232 3453 erat
250 3405 318 3453 lana
335 3405 452 3460 emictns,
464 3406 500 3454 ita
512 3405 583 3454 venit
598 3405 624 3453 in
641 3418 700 3454 cou-
741 3419 819 3453 aare:
836 3403 914 3468 idque
933 3408 1025 3466 patere
1041 3414 1074 3448 er
1092 3400 1199 3448 mutatis
1210 3413 1272 3449 ceu·

170 3478 282 3534 ctomm,
291 3479 495 3543 seditionemque
514 3493 572 3528 eum
589 3481 701 3529 auctori·
742 3480 850 3529 solibus.
883 3481 990 3541 ligant
1007 3489 1100 3525 nomen
1114 3489 1185 3538 aare,
1201 3477 1224 3525 ri
1239 3489 1272 3525 ea

170 3560 226 3604 tete
247 3561 301 3604 tum
324 3557 442 3604 oratione
465 3554 585 3604 reduit!
626 3556 701 3606 Hane
741 3571 813 3605 mens
821 3556 905 3611 Livio,
917 3553 1020 3604 admitti
1031 3551 1204 3615 porre,idqne
1214 3553 1270 3614 peti

169 3632 317 3682 ‘orientem
333 3631 504 3682 reditionem'
522 3647 581 3681 mex
601 3631 700 3681 lndioet
740 3633 896 3682 sententiam
906 3645 958 3681 uon
978 3629 1087 3690 indetur,
1105 3632 1144 3678 itu
1155 3641 1204 3677 nec
1215 3643 1269 3677 mn·

169 3707 227 3758 liv.
740 3715 808 3758 tutor
829 3708 947 3758 consertes
967 3706 1042 3755 video
1061 3707 1130 3754 iuter
1151 3704 1269 3753 incursus

200 3791 220 3818 ¹¹¹
235 3781 277 3833 Ae
287 3785 330 3833 tec
339 3787 466 3834 stultorum
476 3783 583 3850 inscitia]
596 3783 698 3848 Repete
737 3784 852 3835 Tiburtis
861 3792 891 3833 et
904 3781 1097 3848 Tarquiniensis
1107 3780 1206 3844 populi,
1218 3793 1268 3828 uec

168 3863 176 3890 ⁸
189 3866 316 3911 terrerem
330 3859 458 3923 prebuit!
738 3861 800 3926 qnid
811 3858 964 3911 incommodi
975 3859 1010 3906 rit
1020 3859 1123 3906 neruiue
1134 3854 1225 3903 ‘belli'
1239 3855 1266 3904 in

199 3937 294 3989 'Aliter
304 3937 697 4000 udmmlmtismsnitproeirro
737 3936 855 3996 dirersis,
876 3938 1110 3998 quantumcumque
1133 3928 1266 3994 proximis,

164 4015 234 4079 bello]
247 4013 697 4078 ldert,belloqnodproximerecn·
737 4011 853 4075 pedodir
880 4008 1004 4072 repetito,
1025 4005 1069 4055 ubl
1096 4004 1131 4058 de
1156 4006 1267 4057 dirersis

168 4096 232 4153 turn,
252 4091 307 4140 rire
327 4090 416 4140 rtatim
438 4096 498 4153 port
516 4089 564 4139 boe
580 4088 696 4138 'l'lburti-
735 4085 853 4138 hortibus
863 4083 988 4147 bellisque
999 4087 1100 4148 agutur.

165 4179 237 4215 uum·
278 4166 431 4230 Quanquam
457 4163 486 4214 τδ
512 4163 570 4214 bello
591 4164 697 4215 damnet
770 4159 988 4213 ·n.u.utae.

166 4239 234 4292 Tan.
244 4239 338 4306 Faber,
351 4248 472 4306 tauquam
482 4246 571 4292 notum
582 4253 614 4292 ex
622 4253 698 4304 rupe·
