3150 4942
600 453 673 502 ιιι.
700 454 748 501 vr.
772 457 854 505 cer.
875 439 910 504 8.
1237 442 1302 508 939

206 596 355 671 auditas,
379 613 454 660 cum
476 595 625 660 centenis
645 593 799 660 hostibus
828 595 977 679 singulos
1005 604 1230 680 pugnaturum
1268 607 1302 665 et

209 715 296 779 tegre
310 696 603 764 immentorum
619 695 877 774 multitudinem,
898 697 1021 763 nedum
1036 706 1211 784 armatam,
1227 721 1300 766 sus·

207 796 406 878 tineriposse
418 796 447 875 ;'
470 797 503 860 in
536 815 627 877 equu
638 815 671 859 ιιι
687 795 804 872 insilit,
814 802 864 873 et,
880 803 958 861 aote
982 797 1076 879 sigua
1088 800 1252 868 obversus
1265 801 1301 866 in

209 897 328 970 celem,
342 895 471 959 ordines
485 895 732 978 interequitans,
753 894 861 974 ‘Quas
887 897 1034 976 tristitia,
1058 899 1196 976 milites,
1216 902 1301 979 haec,

209 1016 285 1080 qum
295 996 427 1063 insolite
442 999 609 1065 cunctatio
625 999 699 1061 ertl
724 995 879 1075 Hostem,
903 1019 945 1063 au
961 1020 1024 1077 mo,
1040 1021 1083 1065 au
1097 1021 1158 1066 vos
1173 1003 1303 1082 ignora·

208 1099 278 1162 tint
302 1097 423 1164 Hostis
438 1105 491 1161 est
504 1099 587 1181 qnid
603 1098 708 1176 aliud,
724 1117 826 1181 quam
841 1107 1003 1183 perpetus
1017 1102 1155 1170 mantia
1169 1104 1304 1167 virtutis

206 1199 388 1281 glor-teque
418 1199 567 1262 vostrost
605 1197 681 1262 Vos
707 1204 835 1270 oontra,
860 1220 913 1264 me
940 1201 1037 1279 duce,
1065 1201 1118 1286 (ut
1132 1203 1136 1208 ’
1149 1203 1303 1269 Falerios

162 1305 167 1320 “
207 1297 381 1382 Veiosque
393 1305 521 1382 captos,
536 1303 570 1363 et
584 1300 618 1362 in
633 1305 734 1381 copta
752 1301 863 1382 patria
877 1301 1056 1366 Gallorum
1070 1303 1223 1383 legiones
1237 1325 1305 1369 ca·

206 1418 267 1464 sas
282 1403 436 1477 taceam‚)
450 1400 552 1465 modo
567 1402 752 1483 trigemina
764 1402 915 1467 victorius
928 1403 1091 1484 triplicem
1099 1405 1303 1487 triumphum

208 1520 253 1566 ex
270 1501 324 1564 his
338 1501 423 1584 ipsis
439 1500 578 1566 Volscis
594 1511 630 1566 et
653 1501 775 1585 AEquls
793 1513 827 1567 et
850 1523 894 1567 ex
917 1502 1051 1578 Etruria
1073 1493 1201 1585 cristis.
1245 1505 1302 1570 An

207 1622 271 1678 me,
286 1601 378 1683 quod
399 1619 467 1664 ιιοιι
490 1601 633 1669 dictator
660 1603 768 1682 vobis,
788 1603 848 1669 sed
867 1604 1032 1683 tribunus,
1055 1605 1187 1688 signum
1213 1607 1302 1684 dedi,

206 1721 274 1766 non
298 1700 482 1784 agnoscitis
507 1702 652 1768 docem‘l
678 1700 800 1784 Neque
818 1722 883 1784 ego
908 1705 1059 1768 maxima
1083 1707 1247 1790 imperio·
1268 1709 1303 1771 in

80 1871 84 1880 ,
208 1823 271 1867 uos
286 1801 457 1866 desiderot
478 1809 512 1866 et
527 1821 586 1868 ros
600 1803 634 1867 in
648 1821 702 1867 me
716 1803 811 1894 nihil,
824 1810 946 1888 prester
969 1825 1023 1869 me
1038 1806 1162 1888 ipsum,
1177 1806 1303 1872 intueri

207 1903 314 1967 decet.
357 1901 479 1986 Neque
494 1903 581 1967 enim
596 1902 764 1969 dictatura
779 1904 861 1968 milri
883 1923 1032 1987 uuquam
1055 1907 1185 1970 animos
1206 1906 1302 1984 lecit,

206 2011 245 2070 ut
258 2024 302 2068 ns
317 2003 457 2068 exilium
472 2003 607 2086 quidem
622 2003 755 2068 ademit.
798 2005 906 2068 iidem
921 2006 1021 2086 igitur
1035 2025 1151 2070 omues
1167 2025 1301 2086 sumus3

208 2111 255 2182 et,
269 2123 344 2168 curn
358 2103 471 2168 eadem
486 2105 639 2168 omniain
648 2106 711 2169 hoo
722 2105 846 2170 bellam
855 2105 1042 2177 afferamus,
1054 2125 1135 2189 quas
1144 2107 1303 2188 inpriore

209 2205 391 2282 attulimus,
406 2204 546 2274 eundem
560 2209 715 2268 eventum
731 2203 810 2269 belli
829 2209 1060 2286 expectemus.
1104 2203 1210 2273 Simul
1223 2225 1304 2272 con·

209 2305 385 2382 curreritiS,
399 2303 490 2388 quod
504 2303 649 2386 quisque
666 2302 784 2368 didicit
805 2323 847 2368 ao
861 2304 1046 2380 consuerit,
1072 2303 1181 2370 faciet.
1226 2303 1302 2372 Vos

209 2406 364 2483 vincetis,
379 2405 429 2470 illi
442 2403 588 2486 fugient}

250 2505 283 2570 Β.
309 2505 397 2572 Dato
420 2504 540 2570 deinde
563 2506 671 2585 signo,
696 2522 741 2567 ex
775 2522 864 2586 equo
890 2503 1016 2576 desilit,
1047 2512 1082 2568 et
1110 2489 1301 2587 proximum

209 2604 409 2690 signiferum,
423 2623 521 2669 manu
537 2609 713 2686 amentum,
726 2621 838 2666 secum
859 2604 893 2666 in
907 2603 1037 2668 hostem
1058 2596 1166 2691 rapit3
1189 2606 1302 2682 ‘insen

208 2705 327 2784 miles,'
348 2707 536 2781 clamitans,
551 2701 745 2786 ‘signent‘
789 2702 891 2780 Quod
904 2704 964 2766 ubl
977 2703 1088 2768 videre
1102 2706 1213 2786 ipsum
1236 2703 1302 2768 Ca·

208 2807 350 2884 millum,
360 2807 433 2890 jam
459 2806 504 2870 ad
528 2823 666 2869 munera
690 2805 842 2888 corporis
865 2811 1002 2869 senecta
1022 2804 1217 2885 invalidum,
1243 2825 1301 2869 va·

102 2907 121 2930 ¹
208 2905 340 2976 denum
361 2906 747 2988 interimendorum
769 2903 892 2986 pariter
905 2923 1034 2982 omnes,
1052 2905 1196 2968 clamore
1219 2906 1300 2967 sub·

207 3007 290 3084 lato,
320 3007 491 3091 ‘Sequere
511 3003 766 3096 imperatorem,'
788 3022 849 3092 pro
872 3024 909 3070 se
930 3004 1073 3092 qutsque
1103 3005 1300 3071 clamantes.

210 3106 379 3170 Emissum
393 3109 514 3172 ouom⁷
537 3108 665 3189 sigum
686 3103 822 3170 Camilli
840 3105 938 3188 jussu
960 3105 996 3168 in
1018 3104 1166 3168 hostiurn
1192 3104 1300 3167 aciem

211 3206 337 3286 ferunt3
359 3203 459 3287 idque
473 3213 511 3268 ot
525 3209 738 3287 repeteretur,
753 3206 944 3272 concitatos
959 3205 1202 3286 antesignanos.
1246 3204 1301 3268 Ibi

209 3306 353 3390 primum
379 3307 515 3389 pulsum
536 3302 734 3382 Antiatem,b
770 3309 995 3386 terroremque
1016 3305 1141 3368 nonin
1161 3303 1302 3390 primam

183 3412 338 3474 ,tantum
354 3407 473 3483 aciem,
499 3405 558 3470 sed
578 3401 741 3472 etiamad
766 3403 986 3470 subsidiarios
1007 3403 1182 3486 perlatum.
1227 3402 1302 3470 Nec

209 3540 213 3548 ·
243 3592 253 3618 ⁰
270 3587 330 3634 cun
343 3585 456 3636 emillae
464 3583 551 3648 ιορίω
559 3585 681 3644 clamaret,
692 3595 705 3628 o
715 3579 820 3642 §goffer
830 3580 894 3642 turer
902 3581 1121 3644 tumulans·
1130 3581 1158 3630 ta
1167 3581 1264 3632 mem.

667 3706 848 3728 ΟΙΜΜΙΙΝ

242 3798 257 3842 t
280 3793 357 3844 ‘Nec
374 3792 535 3856 displiceret,
558 3792 658 3846 utam
675 3792 754 3843 suem.
793 3791 859 3847 volt
879 3790 949 3844 enlm
971 3788 1121 3852 uenientum
1141 3794 1170 3843 st
1191 3794 1303 3840 rotatum

701 3917 809 3969 NOTAE

243 4032 355 4095 ⁸quso
372 4045 416 4095 ego
433 4035 539 4085 metm
553 4031 665 4094 ᾰιμιΐι]
685 4031 736 4082 lla·
776 4037 834 4081 seut
845 4029 937 4093 rollqul
955 4029 1034 4078 etlam
1049 4025 1160 4090 nrajm
1170 4026 1305 4088 nonstra-

211 4109 323 4173 spoadet
352 4108 513 4172 precedenti
542 4107 737 4171 lntsrrogationl
778 4114 834 4166 tos;
851 4101 1280 4168 etnqooprovooationonesset.

211 4197 273 4234 rot.
300 4184 740 4249 Porrodlotatorlslmperlsmom·
810 4179 940 4229 *Patron
950 4177 1084 4239 Assum]
1101 4177 1204 4241 uenero
1217 4190 1304 4226 ossu-

212 4260 281 4309 nlum
300 4261 436 4310 marimum
449 4261 475 4310 io
486 4273 542 4323 rep.
554 4267 583 4310 ut
593 4259 637 4312 cul
650 4257 738 4308 subes-
779 4257 873 4322 puriori
879 4254 972 4315 sm.
