3150 4942
300 435 366 500 980
771 449 807 498 r.
830 448 926 498 mvn

300 598 391 667 tunc,
414 609 490 654 cum
504 589 685 668 effecerint,
708 591 842 674 nequis
856 586 994 667 lrcstis,h
1016 587 1076 670 qni
1092 589 1218 652 moenic
1235 587 1395 653 Romana

299 691 467 768 intrasset,
482 692 634 756 nuntium
650 682 812 756 secundae
838 691 1063 771 coronaeque
1085 688 1229 753 fortunae
1254 687 1395 752 domum

299 789 467 874 perferret.

341 891 395 956 29.
418 892 485 954 His
497 894 659 975 utrimque
674 891 796 957 animis
807 893 850 956 ad
862 890 990 957 Alliam
1005 895 1136 953 rentum
1148 895 1212 953 est.
1235 891 1398 954 Dictator

300 989 487 1068 Romanus,
509 1003 690 1074 postquam
707 989 749 1056 'in
774 997 961 1074 conspectu
986 990 1101 1053 hostes
1122 996 1217 1052 erant
1238 990 1396 1053 instructi

298 1092 510 1173 intentique,‘
527 1091 672 1156 Videsne
687 1089 747 1167 tu,'
759 1091 901 1172 inquit,‘
912 1089 1154 1173 A-Semproni,
1163 1091 1228 1155 loci
1238 1089 1394 1154 tenenat

216 1239 219 1246 r
298 1191 375 1255 illos
391 1193 495 1256 fretos
514 1192 557 1256 ad
572 1190 698 1257 Alliam
714 1192 933 1256 constitisset
955 1209 1017 1255 nec
1029 1191 1098 1254 illis
1113 1191 1172 1254 Dii
1186 1190 1394 1254 immortales

299 1295 448 1356 certioris
471 1294 651 1376 quicquam
674 1291 819 1368 fiduciae,
834 1291 1015 1374 majorisve
1028 1290 1117 1373 quod
1133 1292 1179 1354 sit
1190 1291 1321 1367 auxilii,
1335 1290 1395 1354 de·

298 1391 427 1456 derint.¹
472 1393 519 1455 At
531 1401 580 1469 tu,
596 1393 699 1456 fretus
711 1393 812 1456 armis
825 1392 1026 1474 animisque,
1041 1391 1220 1455 concitatis
1229 1392 1328 1473 equis
1342 1391 1392 1454 in·

194 1523 203 1534 ·
298 1490 385 1554 rade
396 1490 541 1556 mediam
558 1492 686 1554 aciem:
709 1510 772 1572 ego
787 1509 865 1555 cnm
888 1490 1075 1571 legionibus
1097 1491 1132 1554 in
1154 1492 1305 1555 turbatos
1326 1499 1393 1556 tre·

297 1587 517 1674 pidantcsqne
532 1591 671 1656 inferam
686 1593 792 1675 signa.
835 1590 977 1666 Adeste,
1001 1590 1060 1655 Dii
1076 1597 1180 1655 testes
1195 1591 1341 1668 soederis,
1356 1601 1394 1656 et

297 1690 445 1772 expetite
461 1711 592 1773 poenas,
608 1692 738 1756 debitas
753 1691 855 1756 simul
871 1692 969 1755 cobis
990 1691 1139 1767 violatis,
1152 1693 1318 1774 nobisque
1331 1709 1393 1774 per

298 1795 446 1854 restrum
463 1810 582 1854 numen
598 1791 770 1875 deceptis-³
807 1793 888 1857 Non
901 1793 1061 1874 equitem,
1072 1812 1138 1856 non
1151 1792 1300 1874 peditem
1314 1811 1393 1857 sus·

298 1891 427 1954 tinuere
452 1892 661 1956 Praenestini.
709 1893 826 1956 Primo
848 1895 975 1975 impetn
997 1912 1039 1957 ac
1061 1894 1207 1958 clamore
1233 1893 1392 1976 dissipati

296 1990 432 2054 ordines
446 1997 530 2082 sunt.
577 1993 673 2067 Dein,
688 2001 869 2077 postquam
885 1994 978 2058 nullo
993 1995 1069 2058 loco
1085 1995 1263 2058 constabat
1274 1996 1392 2070 acies,t

295 2095 390 2172 terga
406 2099 556 2172 vertunt3
579 2094 851 2176 consternatique
865 2101 899 2158 et
918 2099 1035 2175 praeter
1051 2102 1163 2158 castra
1182 2097 1286 2159 etiam
1301 2103 1389 2160 suat

295 2210 421 2273 pavore
436 2195 609 2276 praelati,¹⁰
619 2213 682 2256 non
695 2195 790 2275 prius
801 2213 838 2258 se
848 2195 892 2256 ab
906 2193 1014 2257 effuso
1027 2213 1127 2258 cursu
1142 2195 1273 2272 sistunt,
1288 2215 1389 2279 qnam

294 2291 328 2354 in
344 2301 533 2376 conspectu
547 2293 718 2357 Praeneste
734 2293 810 2358 snit.
853 2293 906 2358 lbi
921 2314 965 2358 ex
980 2293 1061 2375 suga
1078 2295 1247 2378 dissipati,
1261 2297 1388 2374 locum,

294 2410 393 2474 quem
411 2394 625 2458 tumultuario
640 2411 737 2475 opere
749 2396 1000 2472 communirent,
1012 2396 1171 2478 cupiunt,
1187 2416 1239 2474 ne,
1254 2397 1284 2460 si
1300 2398 1388 2460 intra

293 2493 421 2554 moenia
445 2513 480 2556 se
495 2493 715 2576 recepissent,
731 2496 904 2579 extemplo
918 2505 1066 2560 ureretur
1088 2517 1179 2577 ager,
1203 2497 1388 2581 depopula-

293 2589 406 2674 tisque
434 2593 589 2656 omnibus
613 2593 745 2657 obsidio
768 2597 843 2658 urbi
868 2597 1052 2660 inferretur.
1095 2598 1163 2662 Sed
1191 2605 1385 2683 postquam,

293 2689 432 2772 direptis
447 2693 489 2756 cd
512 2692 635 2757 Alliam
652 2693 781 2772 castris,
799 2695 903 2758 victor
926 2695 1101 2762 Romanus
1113 2697 1240 2774 aderat,
1254 2699 1287 2761 id
1303 2718 1387 2782 qno·

292 2808 358 2873 que
372 2793 607 2856 munimentum
622 2795 794 2858 relictum:
817 2802 863 2871 et,
874 2797 931 2860 vix
953 2800 1077 2861 moenia
1092 2806 1161 2863 tnta
1173 2801 1245 2874 rati,
1259 2795 1387 2881 oppido

293 2909 329 2954 se
353 2889 526 2957 Praeneste
548 2893 730 2960 includunt.
789 2895 878 2959 Octo
897 2907 1058 2979 praeterea
1070 2907 1093 2938 ¹¹
1125 2900 1254 2981 oppida
1277 2896 1387 2964 erant¹

323 3077 332 3104 a
348 3071 428 3146 Atque
444 3071 536 3182 agium
547 3076 644 3124 aarum
654 3075 715 3126 nitu
727 3077 787 3139 ipsis
797 3077 973 3143 impertientur,
984 3085 1045 3144 qnod
1054 3081 1166 3141 najara
1174 3083 1332 3140 actitata,
1342 3087 1385 3132 m

291 3135 702 3268 affierffle'ssrqffamm
711 3204 792 3268 otique
804 3219 863 3268 para
874 3206 979 3266 erasmo
988 3214 1058 3272 atque
1067 3209 1191 3260 immota.

750 3328 932 3353 mmm„

324 3424 354 3470 1⁰
372 3421 464 3471 Perloti
485 3423 623 3487 legendum
645 3439 702 3476 esse
723 3429 810 3492 potins
831 3437 906 3480 notat
925 3431 1079 3497 Sigon-ll
1096 3435 1231 3502 ‘conjicio
1250 3436 1383 3501 scripsisse

782 3555 893 3606 Nom

320 3639 332 3675 ¹¹
352 3637 390 3692 Ne
401 3644 453 3706 qais
464 3642 550 3704 tortu]
578 3645 679 3695 Falsum
691 3647 755 3698 lrrnc
766 3651 818 3700 Ro·
859 3653 1018 3720 Terentium,
1036 3658 1057 3707 si
1070 3673 1116 3721 per
1127 3660 1246 3710 librarios
1257 3663 1382 3728 licuisset,

288 3732 421 3766 nrnnornm
437 3719 591 3782 jactantiam
609 3719 719 3772 refutavi
734 3724 778 3773 lib.
791 3738 818 3774 v.
859 3729 902 3791 qui
919 3730 1023 3781 l’lrornr.
1040 3732 1101 3784 Act.
1113 3748 1139 3784 v.
1153 3750 1175 3784 s.
1185 3740 1209 3785 2.
1222 3741 1248 3787 ⁸.
1260 3753 1383 3803 corrupe-

289 3807 312 3842 c.
323 3797 364 3842 49.
857 3811 918 3854 rnnt
941 3808 1106 3869 proverbium
1122 3810 1249 3864 militare:
1266 3815 1325 3865 ‘ita
1342 3815 1382 3865 lu·

319 3877 330 3922 †
347 3867 406 3916 Loci
421 3867 534 3932 fortune]
553 3870 633 3920 Recte
656 3874 704 3922 lroc
725 3873 816 3926 irridet
856 3878 920 3941 piar,
932 3889 1182 3944 nemetensem:
1192 3903 1225 3936 ex
1235 3890 1311 3939 simili
1322 3892 1382 3940 braic

288 3941 401 3990 dictator
420 3944 564 3996 Romanus:
582 3947 627 3996 aed
643 3961 689 3998 cnr
701 3949 752 3997 diei
763 3949 815 3999 for·
855 3965 951 4006 eveutn
964 3967 1063 4010 notum.
1088 3963 1254 4027 Scripseram
1265 3969 1333 4018 eninr
1341 3984 1381 4018 cs·

287 4025 373 4067 tnnsrn
386 4019 512 4076 quandam
524 4023 616 4071 melam
629 4036 754 4073 snnexsm
766 4041 826 4089 pn·⁴
854 4045 905 4079 rom
918 4040 1065 4093 prorostra.
1082 4035 1164 4089 ldenr.

288 4091 387 4146 tabant,
400 4093 483 4153 potius
496 4110 570 4157 quarn
583 4098 657 4147 ioco?
691 4099 757 4150 Vide
769 4103 815 4151 lrn·
887 4107 894 4140 ¹
912 4110 972 4157 Octo
982 4117 1097 4172 pretereo
1111 4116 1197 4177 oppido
1207 4118 1288 4181 aaut]
1311 4119 1385 4170 Pre-

285 4168 329 4242 Jur
343 4165 400 4213 libri
413 4179 437 4214 c.
451 4167 473 4214 1.
489 4167 517 4216 J.
530 4171 644 4222 Clericus.
856 4189 897 4230 ter
911 4182 994 4246 ipsam
1005 4188 1105 4239 scilieet
1121 4191 1265 4250 Prnnerte,
1282 4201 1384 4245 cetero·

320 4247 331 4300 p
352 4239 444 4326 freter
467 4247 546 4292 cortro
565 4247 637 4296 nnnc
655 4248 708 4310 ua]
731 4252 816 4316 llujns
857 4270 1007 4322 rnmcrpnt.
1030 4261 1380 4331 Nuttrntgtrurrcnjeersrs

286 4316 583 4369 locutromslrsberernnr
591 4323 738 4386 exemplum
746 4327 815 4390 apud
856 4333 934 4383 Fabri
944 4337 1025 4400 locus,
1033 4339 1221 4403 quilegendnm
1229 4345 1384 4410 suspicetur,
