3150 4942
571 435 642 483 cru.
666 434 749 482 vrrr.
774 434 857 483 css.
880 416 932 483 16.
1211 414 1297 481 1143

200 578 296 649 rabili
318 577 464 650 ¹duorum
490 580 691 662 populorum
720 579 890 646 exercitus
915 578 1037 653 sususs
1046 576 1298 661 propinquitate

201 681 334 750 urbium
358 680 456 743 etad
483 680 595 759 sugam
609 681 767 762 pronior,
795 685 829 743 et
855 679 886 741 in
908 678 987 757 suga
1012 679 1089 760 ipsa
1111 679 1212 743 tutior
1225 679 1298 741 ruit.

92 784 98 789 '
202 779 276 843 Nec
294 788 404 843 tamen
418 781 544 843 omissa
556 781 627 862 ejus
643 780 725 843 belli
742 799 821 843 rura
837 779 1006 855 Patribus,
1020 780 1101 861 quia
1116 780 1214 844 toties
1224 778 1299 861 jaus

200 880 342 945 Sidicini
352 888 411 945 aut
423 882 488 963 ipsi
505 888 678 945 moverant
693 879 829 955 bellum,
843 886 901 943 aut
910 880 1120 943 moventibus
1136 881 1298 944 auxilium

200 980 349 1055 tulerant,
364 986 423 1045 aut
438 1000 539 1044 causa
554 1000 719 1044 armorum
731 980 870 1043 fuerant.
914 980 1039 1063 Itaque
1057 980 1145 1043 omni
1161 988 1225 1063 ope
1240 1001 1299 1046 an·

199 1081 264 1144 nisi
275 1086 364 1157 sunt,
380 1090 417 1143 ut
434 1082 615 1144 maximum
632 1100 673 1144 ea
689 1086 886 1163 tempestate
902 1083 1134 1164 imperatorem
1155 1082 1206 1145 M.
1226 1082 1297 1148 Va·

200 1182 316 1245 lorium
329 1180 474 1245 Corvum
490 1183 661 1245 consulem
672 1194 687 1221 ·
713 1188 866 1265 quartum
882 1182 1038 1245 lacerent.
1084 1183 1225 1264 Collega
1239 1183 1298 1247 ad·

200 1282 287 1347 ditus
301 1281 411 1346 Corvo
428 1281 478 1345 M.
492 1281 618 1345 Atilius
635 1282 806 1363 Regulus:
822 1289 866 1357 et,
878 1302 921 1346 ne
937 1282 1021 1347 forte
1031 1302 1113 1346 casu
1127 1294 1296 1359 erraretur,
1361 1295 1367 1308 '

200 1384 338 1465 petitum
366 1386 409 1448 ab
423 1384 655 1460 consulibus,p
672 1389 717 1448 ut
740 1391 837 1450 extra
860 1392 981 1448 sortem
1001 1384 1099 1447 Corvi
1117 1392 1140 1422 ¹¹
1164 1404 1206 1447 ea
1221 1404 1297 1467 pro·

200 1484 423 1547 vinciaesset.
450 1483 1224 1567 Exercituvictoreasaperioribuscoosulibus
1240 1505 1295 1549 ac·

201 1592 310 1665 copto,
326 1586 367 1649 ad
385 1584 497 1662 Cales,
512 1586 601 1649 unde
617 1585 737 1648 bellurn
765 1592 870 1649 odam
895 1594 978 1663 erat,
1006 1586 1193 1668 profectus,
1220 1606 1297 1649 cum

199 1683 324 1760 hostes,
350 1688 394 1750 ab
419 1687 602 1770 superioris
627 1687 728 1749 etiam
750 1688 1117 1751 certaminis·memoria
1141 1687 1297 1771 pavidos,

199 1784 347 1849 clamore
364 1795 467 1869 atque
483 1789 610 1870 impetu
632 1789 740 1869 primo
761 1788 916 1864 fudisset,
939 1790 1064 1852 moenia
1077 1788 1154 1870 ipsa
1169 1808 1298 1870 oppug-

198 1903 277 1949 nare
306 1898 360 1949 est
388 1906 575 1969 aggressus.
618 1888 663 1953 Et
682 1887 822 1950 militum
845 1889 978 1970 quidem
1002 1889 1247 1965 is'eratardor,
1263 1893 1299 1951 ut

194 1985 267 2068 jam
282 1986 357 2055 inde
374 2007 447 2050 cum
464 1986 567 2051 scalis
581 1985 757 2050 succedere
773 1987 816 2051 ad
837 2006 950 2051 muros
968 1988 1105 2064 vellent,
1116 2007 1297 2052 evasuros·

199 2104 265 2167 que
282 2087 530 2150 contenderent.
574 2085 716 2160 Corvus,
731 2086 812 2167 qula
834 2085 868 2150 id
890 2086 1028 2149 arduum
1044 2088 1136 2151 lactu
1152 2094 1234 2164 erat,
1247 2088 1298 2157 la-

196 2187 276 2249 bore
289 2188 427 2251 militum
442 2188 566 2270 potius,
579 2204 680 2270 quam
699 2186 862 2267 periculo,
878 2206 1035 2269 peragere
1051 2188 1223 2268 inceptum
1240 2207 1298 2251 vo·

196 2284 269 2348 luit.
314 2286 435 2369 Itaque
463 2294 635 2368 aggeremq
667 2292 701 2349 et
726 2287 868 2350 vineas*
904 2289 982 2368 egit,
1007 2294 1177 2369 turresque
1202 2306 1297 2350 muro

196 2384 370 2465 admovit:
394 2406 533 2469 quarum
549 2405 645 2450 usum
660 2386 745 2449 sorte
762 2386 880 2450 oblata
902 2387 1133 2468 opportunitas
1157 2406 1297 2469 praerer·

196 2486 250 2549 tit.
274 2486 435 2570 Namque
448 2488 506 2551 M.
516 2488 657 2563 Fabius,
672 2487 826 2568 captivus
844 2486 1029 2563 Romanus,
1043 2507 1130 2561 cum.
1146 2506 1206 2569 per
1221 2506 1296 2568 neg-¹

196 2586 378 2668 ligantiam¹
394 2588 569 2653 custodum
589 2589 678 2652 fcsto
705 2589 758 2653 dic
779 2589 922 2653 vinculis
938 2591 1054 2671 ruptis,
1077 2607 1139 2670 per
1168 2608 1297 2653 murum

559 2761 570 2779 ¹
658 2766 838 2788 annuento

230 2885 261 2932 li
279 2888 286 2909 ⁴
301 2882 425 2933 Posslset
438 2882 532 2932 Corsa’
549 2882 660 2947 Rupert-

694 3026 802 3078 ΝΟΜ

202 3140 204 3145 ’
228 3141 244 3171 ’
262 3140 294 3191 Α.
306 3140 339 3191 U.
352 3142 383 3191 C.
395 3146 452 3191 418.
771 3138 913 3187 secundum
925 3138 1019 3199 Veget.
1031 3141 1073 3185 ert
1084 3133 1203 3184 nsachirrs
1219 3150 1234 3184 e
1251 3128 1298 3200 1Ιρ

229 3225 242 3258 ¹¹
260 3217 367 3265 Petitsrn
383 3218 413 3265 ab
428 3216 574 3281 consulibus]
593 3217 657 3266 Cum
670 3229 730 3278 pro·
768 3216 809 3263 nis
821 3214 971 3276 tertoribus,
980 3213 1032 3261 alta
1043 3213 1154 3275 pertibus
1165 3219 1237 3275 octo,
1245 3213 1299 3262 lsta

198 3290 296 3341 vincius
319 3293 416 3353 sortiri,
435 3299 479 3340 ant
496 3292 565 3341 inter
582 3306 610 3341 se
627 3306 729 3353 comps·
768 3298 883 3352 septem,
897 3289 973 3350 louge
990 3286 1131 3349 sexdecim,
1147 3286 1221 3349 cujus
1243 3292 1298 3336 tec·

196 3380 256 3415 rarc
273 3374 300 3416 et
319 3367 469 3428 conuenire,
478 3369 597 3415 consules
609 3366 678 3415 soliti
690 3380 730 3413 es·
768 3372 823 3413 trun
836 3364 934 3427 duplici
946 3362 1096 3424 munitione,
1108 3362 1229 3410 tabulatis
1242 3376 1298 3410 crs-

197 3438 266 3503 ricnt,
274 3449 332 3489 uter
342 3449 425 3491 utram
437 3442 632 3491 administraret
642 3458 649 3503 ς
661 3456 729 3491 nunc
769 3440 899 3503 risusque,
908 3438 1065 3487 contexitur.
1088 3438 1184 3485 Latere
1195 3450 1298 3500 quoque

198 3523 303 3567 senatus
320 3518 352 3566 u»
363 3518 401 3569 his
414 3518 561 3580 postolavit,
571 3527 600 3567 ut
612 3519 665 3567 sinc
677 3532 730 3567 sor·
769 3515 865 3564 rimiae
884 3514 1032 3577 sepiuntur,
1046 3525 1079 3561 ne
1099 3526 1217 3561 saxorum
1233 3512 1298 3561 telon

198 3600 225 3639 te
238 3592 354 3641 Valerius
364 3592 463 3643 Cossus
477 3594 570 3643 lrcllrrm
586 3592 728 3643 Sidicinum
768 3604 875 3654 rumque
889 3590 986 3651 impetu
1000 3596 1184 3651 penetrentur3
1201 3589 1298 3638 estrln·

198 3676 311 3730 gereret.
728 3690 730 3695 ·
769 3680 845 3715 secas
857 3672 952 3727 mrtem,
964 3678 997 3710 ue
1008 3664 1119 3712 immisso
1135 3678 1299 3713 concremen-

229 3746 391 3809 ruginem]
414 3747 504 3811 Agger
528 3755 568 3796 est
591 3761 624 3795 es
647 3746 733 3808 lignis²
771 3749 814 3789 tur
837 3741 965 3793 lucendio,
987 3737 1074 3788 crudis
1097 3754 1127 3788 sc
1150 3739 1299 3788 recentibus

197 3823 336 3887 lapidibus,
346 3830 505 3887 aggestaque
514 3832 589 3873 rerrae
598 3830 731 3872 exstructa
770 3815 848 3865 coriis
862 3814 901 3862 rel
913 3814 1067 3863 centonibus
1080 3816 1205 3876 operitur.
1235 3814 1298 3862 Com

198 3900 379 3963 molemqusrn
393 3900 518 3961 paulatim
535 3914 624 3947 sersus
642 3900 729 3948 ssrbem
770 3890 857 3953 plures
880 3890 958 3939 incl*
978 3889 1084 3943 inerint,
1102 3890 1250 3951 junguntur
1272 3888 1300 3937 in

199 3974 330 4024 obsessam
338 3974 731 4037 promovebantctattollebsnt;
769 3966 901 4027 ordinem
913 3966 961 4014 ⁸¹¹1)
971 3965 1064 4031 quibus
1076 3964 1237 4013 wbtldenl‘a
1248 3965 1298 4013 toll

198 4054 227 4099 ut
247 4063 278 4097 ex
299 4049 352 4098 alto
371 4058 528 4113 pugnarent,
540 4059 674 4113 turresque
686 4049 732 4110 ibi,
769 4044 802 4090 ad
830 4042 979 4090 subruenda
1005 4055 1134 4089 murorum
1163 4051 1300 4105 penetrant

199 4118 244 4198 aut
269 4125 347 4173 etiam
371 4132 510 4188 tormenta,
531 4127 730 4173 constituerent.
769 4115 946 4164 fundtmtntt·
998 4114 1086 4169 ΟΜ
1108 4130 1153 4165 sse
1173 4120 1250 4180 espec
1270 4120 1303 4167 ds

203 4200 256 4248 Usa
266 4203 344 4262 apres
354 4203 382 4249 dc
395 4201 516 4255 Cucalirr.
526 4214 556 4248 ors
571 4201 599 4248 dc
611 4198 730 4247 Bcttcric.
773 4190 878 4241 Galeri!-

233 4274 294 4325 ‘Et
315 4276 408 4340 otnmr]
425 4274 546 4329 Militsrr's
569 4274 625 4325 lraec
648 4272 732 4334 sines,
