3150 4942
276 385 362 453 lota
728 399 761 444 r.
786 398 884 446 mvn

275 545 469 608 vernalibus
495 549 600 607 octus.
658 539 713 604 Ab
743 540 849 604 altero
879 540 1018 604 consule
1047 539 1128 602 nibil
1155 538 1374 602 memorabile

276 653 434 728 gestum3
467 644 534 707 nisi
561 641 652 726 quod
686 640 793 720 legem
817 659 905 704 noro
929 637 1117 723 exemplo¹¹
1150 641 1194 703 ad
1221 641 1375 704 Sutrium

274 749 309 810 in
324 746 444 810 castris
457 745 610 823 tributim
629 741 671 806 de
686 741 845 804 vicesima
862 739 997 820 eorum,1
1018 743 1078 825 qui
1102 743 1375 806 manumitteren-

275 851 339 924 tur,
355 847 443 911 tulit.
487 845 618 921 Patres,
634 843 717 927 quia
732 861 775 906 ea
789 843 965 923 legebaud
975 863 1115 926 parvum
1125 843 1267 924 vectigal
1279 843 1375 924 inopi

276 947 395 1012 ceratio
418 946 565 1012 additum
587 948 686 1023 esset,
708 957 866 1008 auctores
885 945 1029 1008 inerunt.
1073 943 1225 1008 Celerum
1248 941 1375 1007 tribuni

275 1048 398 1130 plebis,
412 1066 477 1111 non
493 1055 561 1111 tam
576 1046 661 1126 lege,
673 1063 775 1127 quern
790 1045 956 1127 exemplo,
978 1045 1075 1123 moti,
1090 1063 1133 1107 ne
1155 1045 1233 1128 quie
1250 1047 1375 1126 postea

275 1148 442 1231 populum
470 1151 670 1220 εοιιοοιιιιιι,ι
700 1145 812 1226 capite
834 1152 1028 1208 sanxerunt.
1071 1145 1168 1209 Nihil
1187 1146 1276 1210 enirn
1306 1165 1375 1206 non

275 1267 335 1330 per
350 1249 486 1324 militer»,
496 1248 630 1330 juratos
646 1245 681 1308 in
696 1245 845 1309 consulis
855 1247 969 1322 rerba,
979 1247 1133 1329 quamvis
1149 1247 1375 1329 perniciosum

276 1349 417 1432 populo,
431 1349 460 1411 si
476 1349 512 1412 id
525 1349 649 1423 liceret,
662 1345 740 1410 ferri
754 1354 884 1428 posse-⁵
927 1347 1057 1412 Eodem
1070 1366 1159 1411 anno
1171 1346 1212 1410 C.
1222 1346 1376 1409 Licinius

277 1449 375 1512 Stolo
401 1468 422 1512 a
448 1448 497 1511 M.
527 1446 676 1531 Popillio
707 1445 848 1510 Laenate
878 1466 943 1511 sua
964 1446 1067 1526 legeln
1089 1446 1205 1510 decem
1226 1445 1378 1508 millibus

276 1548 380 1613 aerio¹²
402 1556 455 1611 est
469 1549 661 1624 damnatus,
687 1546 782 1629 qnod
808 1547 898 1610 mille
914 1547 1072 1630 jugerum
1094 1549 1188 1629 agri⁰
1211 1565 1287 1611 cum
1302 1545 1377 1608 lilio

274 1648 474 1732 possideret,
490 1649 802 1732 emancipandoque
813 1647 941 1712 tiliump
961 1647 1343 1730 fraudemlegilecisaet.

275 1787 377 1899 *ἇὴΝι
387 1787 511 1850 qaisquam
526 1787 552 1836 ia
568 1791 688 1851 posteram
703 1787 801 1837 seorsim
816 1788 897 1852 populi
910 1795 1004 1854 partem
1014 1793 1170 1852 congregaret
1179 1789 1211 1838 ud
1221 1787 1327 1837 iubenda
1337 1802 1377 1834 ro·

276 1991 330 2042 del.
342 1993 402 2058 quia
413 1995 550 2059 precessit
559 1994 693 2045 exclamat?
711 1993 872 2058 nupero-s
889 1998 1000 2063 Vulpsi
1012 1998 1040 2047 id
1049 1999 1130 2048 licem
1136 1996 1194 2065 pleri
1204 2011 1277 2061 posse.

776 2089 886 2142 NOTAE

309 2185 321 2220 Ι
340 2187 407 2236 Nono
417 2188 533 2251 exempla]
550 2188 643 2252 Neque
653 2187 721 2236 enirn
729 2187 810 2238 comi·
849 2205 878 2240 ns
886 2189 948 2240 nibil
958 2190 1066 2255 praecipi
1073 2189 1180 2251 debera,
1188 2189 1238 2239 nisi
1246 2188 1313 2254 qnod
1325 2190 1380 2252 prb

277 2261 324 2324 tia,
336 2263 413 2312 eliam
425 2263 530 2324 tributa,
539 2261 589 2310 nisi
597 2261 629 2310 ad
642 2261 742 2316 urbem,
751 2276 812 2311 con·
847 2280 877 2313 ns
886 2266 1048 2330 qaisquaslbi
1057 2265 1213 2329 imperarit‚'
1223 2273 1254 2314 ut
1262 2265 1379 2328 loquitor

277 2336 428 2398 vocatisque
439 2337 509 2399 prius
517 2335 636 2385 tributim
648 2335 758 2398 civibus,
766 2338 811 2385 ba·
849 2339 1087 2390 Valentinum.
1115 2339 1223 2390 Diocles
1241 2339 1378 2402 Syracusis

278 2410 340 2458 bere
360 2411 477 2460 licebat:
505 2417 533 2459 et
555 2411 639 2473 legem
661 2411 811 2461 tricundinn
848 2414 1009 2478 legembauc
1020 2415 1163 2465 interalias
1178 2414 1331 2476 scripserat,
1344 2429 1377 2462 ue

279 2484 437 2545 promulgari
451 2484 597 2546 oportebat.
848 2491 891 2539 cni
902 2505 959 2539 cum
970 2492 1047 2540 armis
1058 2491 1085 2539 iu
1103 2490 1254 2539 concionem
1274 2487 1379 2551 prodire

310 2557 317 2590 ¹
334 2557 374 2606 De
385 2559 496 2606 noemma
508 2557 599 2620 eoram]
618 2556 812 2622 Amplissimnns
847 2565 958 2616 liceret:
975 2566 1020 2630 qui
1034 2564 1152 2628 fecisset,
1164 2566 1253 2626 capite
1271 2565 1378 2625 punire·

277 2633 327 2683 boc
342 2631 392 2681 fnit
414 2633 537 2695 vectigal,
555 2633 624 2697 quod
636 2634 668 2683 ad
680 2643 814 2697 postrema
849 2646 909 2690 tor:
934 2642 991 2706 ipsa
1007 2640 1114 2703 deinde,
1133 2654 1192 2690 cunr
1210 2639 1244 2688 ob
1259 2639 1379 2688 hostilem

277 2707 334 2757 sere
355 2707 540 2770 imperatorum
562 2717 680 2772 tempora
698 2710 724 2759 in
744 2725 810 2762 usu:
847 2715 1014 2778 irruptionem
1034 2717 1167 2766 accinctus
1186 2721 1245 2764 orto
1264 2717 1378 2764 tumultu

276 2785 305 2834 in
316 2797 348 2832 eo
361 2786 472 2847 positum
485 2793 514 2835 ut
526 2801 614 2837 servos
627 2788 811 2838 manumissnri
848 2791 874 2840 iu
886 2789 970 2841 lorum
982 2793 1163 2856 procurrbset,
1174 2791 1285 2841 monitus
1298 2792 1378 2840 riola-

278 2859 424 2924 penderent
436 2875 484 2924 pro
496 2862 556 2919 illis.
568 2869 613 2912 ant
625 2876 676 2912 aere
694 2862 728 2911 ab
749 2863 812 2928 ipsis
849 2873 884 2916 tra
899 2866 972 2930 legis,
984 2881 1041 2915 eam
1058 2871 1142 2916 morte
1159 2867 1267 2930 propria
1282 2866 1381 2928 sanxit,

278 2935 494 2999 comministram,
507 2937 654 2986 vicesimam
663 2938 741 3000 pretii
753 2952 811 3001 par·
849 2948 956 2991 anctore
972 2940 1091 2991 Diodoro
1107 2940 1153 2991 lib.
1172 2953 1238 2989 xur.
1264 2939 1295 2988 Id
1313 2941 1380 2990 cba-
1396 2986 1401 2991 .

279 3018 342 3061 tem.
376 3012 515 3062 Nummum
539 3027 643 3062 atrrenm
663 3013 811 3074 posteriori·
848 3015 937 3064 reuda
960 3017 1099 3066 Locrorum
1121 3017 1147 3065 iu
1165 3023 1283 3066 extrema
1299 3015 1381 3065 Italia

278 3086 326 3136 bus
340 3088 501 3149 temporibus
517 3086 597 3135 luisse
613 3089 740 3150 suspicor,
752 3101 810 3136 cum
848 3089 989 3152 legislatori
1002 3091 1109 3142 ascribit
1121 3090 1261 3140 Valenlib.
1272 3105 1311 3139 vr.
1320 3105 1380 3154 cap.

278 3163 394 3225 vulgaris
414 3176 544 3212 serrorum
568 3162 666 3210 taxatio
686 3171 756 3210 esset
774 3163 811 3211 vi·
849 3169 874 3213 t.
885 3164 929 3213 ubi
940 3171 968 3214 et
978 3165 1086 3215 Zaleuci
1098 3163 1166 3229 apud
1180 3164 1288 3214 Thurios
1299 3166 1378 3227 paolo

279 3238 344 3301 giuti
356 3251 500 3287 aureorum.
523 3237 584 3286 Alia
595 3246 635 3286 est
647 3238 767 3287 instituta
778 3239 811 3287 ab
848 3240 944 3296 mitius,
961 3241 1007 3290 sed
1025 3248 1113 3290 tamen
1136 3246 1237 3290 araetra
1255 3240 1379 3303 justitia,

279 3313 400 3376 Angusto
426 3314 549 3364 vicesima
574 3313 756 3370 haereditatum
778 3316 812 3366 ad
848 3315 1041 3367 factumrefart.
1056 3317 1379 3381 tpcnrpasantemmpar-

280 3387 399 3436 aerarium
429 3389 550 3438 militare.
593 3389 648 3438 Pro
679 3390 812 3440 venalibus
850 3398 968 3441 tenorum
979 3391 1121 3454 legislator,
1138 3390 1202 3440 nibil
1218 3391 1276 3452 lege
1287 3393 1341 3439 ulia
1352 3392 1379 3441 iu

279 3461 415 3526 mancipiis
438 3471 531 3525 postea
551 3463 664 3526 vectigal
683 3465 812 3514 vicesima
849 3465 914 3515 alios
930 3467 1026 3526 sanxit,
1044 3466 1190 3528 cnjus.nou
1206 3466 1262 3528 ipse
1280 3466 1378 3527 primus

279 3537 377 3602 quinta
398 3551 430 3584 ax
445 3537 548 3591 Tacito.
570 3541 610 3588 vel
630 3539 716 3602 potius
738 3541 811 3604 quin·
849 3541 874 3589 iu
894 3555 923 3589 se
942 3540 1098 3591 documenta
1115 3539 1200 3598 daret,
1217 3540 1317 3591 Justiu.
1333 3540 1380 3590 lib.

280 3611 436 3678 quagesimae
451 3625 483 3660 ex
496 3612 592 3676 Dione,
604 3613 682 3675 pendi
691 3615 779 3678 coepit.
849 3629 894 3665 ιιι.
906 3627 965 3676 cap.
976 3619 1002 3662 2.

314 3689 356 3737 De
373 3687 496 3754 υἱιιιίιιιι]
520 3688 581 3738 Qua
600 3689 659 3749 lega
675 3689 812 3739 solvebant
881 3695 893 3720 ¹²
909 3688 998 3736 Doceat
1012 3687 1115 3736 millibus
1129 3688 1198 3753 oris]
1213 3687 1279 3737 lEris
1291 3689 1378 3751 gravis

280 3762 373 3812 errario
393 3777 495 3812 servom
520 3763 700 3812 manumissnri
720 3763 813 3813 vicasi·
848 3762 1028 3826 scilieetquae
1040 3775 1138 3811 summa
1149 3776 1201 3811 non
1218 3763 1300 3812 multo
1311 3761 1378 3812 iule-

280 3851 347 3886 mom
368 3845 468 3901 partam
488 3837 573 3902 pretii,
594 3853 646 3902 qno
665 3839 811 3890 artimabs-
849 3839 903 3888 rior
922 3844 963 3886 est
983 3841 1058 3888 otoo.
1079 3836 1204 3886 librarum
1231 3845 1377 3888 neutrarum

282 3916 332 3959 tur.
350 3914 378 3960 J.
393 3914 507 3963 etatae.
848 3927 956 3964 summa.
1198 3949 1201 3954 -

313 3991 332 4018 ¹¹
348 3986 400 4034 San
414 3990 478 4052 legs]
493 3989 603 4038 cnutum
618 3986 706 4040 fuerat
719 3988 811 4040 adter-
879 3989 969 4038 Decem
986 3988 1087 4037 attens
1105 3986 1171 4050 eris]
1195 3987 1304 4048 Gravia3
1328 3988 1378 4036 boc

281 4075 325 4109 sus
337 4060 471 4123 patricios,
482 4076 515 4110 na
526 4064 582 4126 quia
593 4065 650 4127 pius
662 4064 811 4127 quingentis
848 4064 998 4126 est‚decem
1010 4065 1091 4114 millia
1105 4064 1230 4114 librarum
1247 4063 1377 4114 Romana·

282 4133 338 4197 agri
346 4135 480 4198 jugeribus
491 4138 645 4198 possiderat.
669 4139 756 4202 Supra
765 4139 812 4190 lib.
848 4153 904 4189 rum
915 4139 982 4189 eris.
997 4141 1025 4190 J.
1038 4139 1153 4188 emicas.

282 4220 321 4258 vt.
330 4221 388 4273 cap·
397 4213 439 4264 ³5.
462 4210 593 4262 ‘Docuit'
604 4213 683 4276 igitur
694 4211 703 4241 ⁸
715 4211 811 4265 Licini·
880 4221 892 4276 {²
907 4213 1096 4278 Militiam
1104 4214 1172 4278 ocri]
1188 4214 1379 4266 Ut‘utillalto·
