3150 4942
555 478 627 525 nra.
652 476 709 525 rx.
732 476 812 525 oar.
833 462 887 526 45.
1178 466 1263 531 1⁶29!

207 618 262 685 45.
286 618 326 683 Ρ.
342 618 492 702 Sulpicio
506 618 726 697 Saverrione,²
749 618 793 684 Ρ.
808 618 1005 702 Sempronio
1030 620 1163 704 Sophoi
1186 642 1264 689 con·

165 717 323 801 solibus,'
344 720 524 797 Samnites,
546 738 603 783 eeu
630 718 739 798 finem,
765 739 824 785 seu
847 718 1042 786 dilationem
1065 723 1145 788 belli
1168 744 1262 807 qure-

164 828 282 898 rentes,
305 822 437 903 legatos
459 821 501 885 de
525 840 609 904 pace
635 819 780 885 Moram
798 820 928 885 misere.
973 821 1110 900 Quibus
1133 828 1262 909 suppli·

165 924 248 985 citer
260 924 435 1004 agentibus
449 940 646 1004 responsum
662 928 726 999 est,
745 922 834 985 ‘uisi
850 940 944 1005 eaepe
966 924 1090 987 bellum
1104 934 1262 1007 parentes

164 1041 283 1105 pacem
307 1024 466 1105 petissent
489 1022 668 1099 SamniteS,
690 1023 839 1087 oratione
862 1023 950 1087 ultro
969 1025 1123 1109 citroque
1137 1026 1264 1098 habita,

165 1122 207 1187 de
233 1142 316 1205 pace
338 1125 473 1205 transigi
496 1126 659 1208 potuisse.
705 1124 816 1198 Nunc,
842 1125 976 1206 quaudo
999 1128 1103 1191 verba
1120 1146 1206 1190 vena
1221 1128 1264 1191 ed

166 1222 200 1285 id
216 1224 364 1287 locorum
375 1234 390 1261 ⁸
411 1224 540 1300 fuerint,
560 1228 659 1288 rebus
675 1226 829 1290 standum
844 1245 931 1289 esse.
976 1226 1017 1289 Ρ.
1033 1228 1264 1309 Sempronium

165 1325 335 1389 consulem
350 1344 426 1389 cum
442 1326 590 1388 exercitu
611 1327 705 1391 brevi
719 1326 753 1389 in
769 1325 906 1390 Samnio
921 1326 1012 1391 foret
1035 1348 1124 1404 eum,
1139 1328 1182 1392 ad
1199 1329 1266 1391 bel·

166 1428 234 1489 lum
255 1444 414 1509 pacemne
437 1424 591 1490 inclinent
613 1427 725 1501 animi,
749 1426 821 1491 salli
843 1447 910 1491 uon
927 1440 1071 1510 posset'
1093 1434 1267 1510 comperta

167 1527 278 1589 omnia
290 1526 418 1590 senatui
431 1526 634 1593 relaturum:
656 1527 874 1594 decedentem
885 1548 929 1593 ex
940 1530 1078 1593 Samnio
1094 1530 1265 1593 consulem

166 1628 267 1709 legati
286 1627 519 1711 sequerentur!
563 1628 614 1692 Eo
629 1646 716 1693 auno
741 1648 820 1694 cum
843 1636 1004 1712 pecatum
1022 1628 1193 1695 Samnium
1208 1648 1268 1693 ex·

165 1729 287 1791 orcitus
303 1726 486 1804 Romanus,
503 1728 643 1808 benigue
658 1730 801 1811 praebito
816 1739 1018 1808 commeatu,
1042 1736 1266 1813 peragrasset,

167 1828 277 1892 soedus
300 1832 472 1910 antiquum
493 1828 699 1892 Samnitibus
723 1829 899 1895 redditum.
943 1829 1000 1894 Ad
1025 1832 1159 1913 AEquos
1186 1831 1266 1894 inde

169 1934 294 1994 veteres
308 1930 436 2007 hostes,
452 1934 595 1993 ceterum
609 1948 669 2013 per
683 1929 808 1994 multoe
823 1948 929 1994 anuos
944 1932 1009 1993 sub
1025 1932 1139 2013 specie
1151 1931 1266 1995 infidae

169 2031 266 2114 pacis
278 2032 421 2114 quietos,
436 2047 535 2093 versa
546 2049 637 2093 arma
649 2030 822 2093 Romana:
839 2030 940 2113 quod,
952 2031 1107 2095 incolumi
1118 2030 1269 2096 Hernico

169 2133 311 2209 nomine,
337 2131 584 2195 missitaverant
610 2132 710 2195 simul
725 2150 802 2195 oum
827 2131 871 2195 iis
893 2130 1038 2195 Samniti
1057 2133 1200 2210 auxilia,
1222 2140 1269 2204 et,

169 2240 252 2316 post
266 2232 434 2296 Hernicos
457 2231 629 2307 subactos,
656 2232 809 2295 universe
830 2248 935 2312 prope
958 2248 1052 2311 gens,
1075 2233 1148 2294 eine
1170 2231 1270 2295 dissi·

172 2333 350 2397 mulatione
375 2331 508 2397 consilii
528 2330 666 2414 publici,
691 2332 733 2396 ad
756 2333 873 2396 hostes
896 2330 1104 2411 desciverat;
1126 2340 1161 2396 et
1176 2339 1269 2414 post·
1326 2358 1329 2363 ·

171 2454 286 2515 quem,
311 2432 380 2498 icto
396 2432 515 2497 Romae
537 2452 614 2496 cum
630 2433 839 2498 Samnitibus
861 2432 1001 2508 foedere,
1023 2432 1156 2497 fetiales
1171 2452 1270 2497 vene·

172 2541 247 2597 rant
263 2550 314 2599 res
328 2535 516 2616 repetitum,
532 2538 543 2568 ‘
559 2532 786 2597 tentationem’
808 2532 943 2599 aiebant
957 2536 967 2566 ‘
982 2552 1069 2609 esse,
1083 2538 1132 2611 ut,
1148 2541 1270 2598 terrore

173 2636 310 2700 incusso
322 2635 409 2711 belli,
424 2634 595 2699 Romanos
607 2654 644 2697 se
655 2633 725 2697 fieri
737 2639 945 2716 paterentur:
962 2632 1050 2714 quod
1063 2640 1271 2717 quantopere

173 2736 355 2819 optandum
369 2735 466 2814 soret,
491 2734 664 2799 Hernicos
678 2734 853 2799 docuisset
878 2753 966 2811 cum,
990 2734 1112 2816 quibus
1127 2735 1271 2812 licuerit,

174 2856 256 2901 sues
284 2838 373 2919 leges
404 2836 567 2901 Remenm
590 2834 720 2899 civitati
747 2830 1056 2915 prreoptaveriutr¹1
1078 2834 1201 2916 quibus
1225 2836 1273 2898 le·

174 2938 283 3021 geudi,
297 2936 378 3021 quid
390 2936 539 3014 mallent,
555 2935 725 3019 copianon
737 2934 845 3009 luerit,
857 2952 920 3015 pro
933 2951 1036 3016 poena
1046 2936 1272 3001 necessariam

173 3038 346 3103 civitatem
362 3033 469 3101 lore.'¹
514 3036 568 3100 Ob
594 3036 669 3100 lraee
690 3034 791 3115 vulgo
812 3033 847 3096 iu
872 3033 1028 3097 conciliis
1045 3033 1188 3114 jactata,
1212 3054 1274 3115 po·

176 3139 276 3220 pulue
307 3137 480 3211 Romanus
506 3136 632 3203 bellum
660 3134 733 3198 fieri
760 3134 882 3216 AEquis
901 3132 1025 3216 jussit:
1049 3132 1273 3216 consulesque

209 3339 223 3363 ⁸
239 3330 372 3387 manaa,
383 3334 415 3380 nd
426 3316 550 3393 terrisque
560 3334 657 3391 ternpus.

209 3396 311 3445 urna
321 3395 447 3453 assera
463 3393 616 3459 pomona
631 3392 657 3440 a
667 3390 869 3454 murumque
882 3388 1056 3439 aarum
1073 3388 1200 3450 rrum
1211 3390 1274 3450 «Μ

177 3456 307 3522 Somnia,
316 3473 348 3508 ca
358 3462 390 3509 nrt
401 3460 493 3516 telam,
504 3472 535 3506 ua
545 3458 577 3507 ori
586 3470 675 3519 mecm.

675 3616 782 3669 NOTAE

179 3728 314 3792 colebant,
326 3743 384 3779 cnm
404 3730 436 3780 sd
453 3728 583 3781 Samnites
601 3726 708 3779 deiecir·
781 3726 1277 3789 *Qsiturtieueriamlegerlim

182 3812 249 3863 sent.
261 3804 358 3855 devicti
370 3820 426 3855 curu
438 3806 498 3863 illis,
511 3808 709 3869 suprascripti.
748 3802 1045 3868 mancipe-premier]
1057 3801 1209 3851 Indicantur
1218 3798 1279 3849 Atr-

183 3882 251 3931 llaec
263 3881 350 3944 itaque
361 3894 450 3929 eorum
469 3881 529 3931 urbe
540 3894 609 3930 aune
619 3893 709 3943 recep·
750 3881 821 3935 trini,
832 3880 1023 3938 Ferentinum,
1032 3884 1060 3925 ct
1071 3875 1204 3929 Veruleni,
1223 3874 1279 3937 qui·

182 3964 217 4006 te.
228 4012 234 4019 Δ,
751 3956 798 4006 bus
810 3957 837 4004 id
852 3955 1014 4018 permirtum,
1025 3966 1083 4014 cup.
1092 3954 1134 4000 ⁴⁸.

214 4027 224 4063 ί
239 4032 271 4079 Ρ.
283 4028 422 4095 Sempronio
441 4029 532 4093 copto]
549 4030 602 4080 Hie
622 4030 647 4080 ei
665 4028 711 4080 nni
780 4027 1080 4091 ⁸Propmmemrtura
1087 4024 1279 4088 coanimare]

184 4106 276 4153 titulus
294 4106 327 4155 ob
346 4106 518 4155 excellentem
531 4106 711 4170 jurispruden-
754 4103 897 4167 Anagninis
914 4115 1007 4164 nempe
1022 4102 1177 4151 ciritueine
1188 4098 1281 4150 suffra·

184 4184 248 4229 riam
257 4194 272 4228 a
280 4183 375 4244 populo
387 4182 463 4231 Rem.
474 4182 559 4231 datur.
754 4180 798 4241 gio
808 4178 870 4226 ders
880 4175 1055 4237 luentett·
1072 4176 1138 4228 Qum
1150 4188 1212 4224 rane
1222 4175 1281 4224 rub·

219 4253 234 4280 '
252 4254 285 4303 Α.
298 4254 440 4307 ΜΛΝ.
749 4253 891 4317 jectionem
902 4256 983 4315 megla
996 4251 1282 4328 quamrocierrtem,et
