3150 4942
569 406 640 454 nra.
664 405 746 454 rur.
769 407 852 456 cnr.
875 393 907 456 2.
1195 395 1281 460 1105

190 569 317 633 agrum,
332 567 396 612 non
411 553 522 614 casua
536 549 762 627 §omniumr
777 571 840 615 uon
857 551 1004 632 legiones
1018 569 1160 636 usquam
1173 573 1280 636 oppo-

191 653 280 716 sirae.
324 651 426 714 Ferro
455 651 587 734 ignique
614 658 804 716 vastantem
830 671 929 733 agros
951 651 1054 734 legati
1080 653 1280 718 Samnitium

191 770 311 834 pacem
325 756 455 814 orontes
477 751 609 828 adeunt,
633 771 654 816 a
668 771 735 836 quo
749 755 866 836 rejecti
880 753 925 818 ad
940 761 1101 827 uenatum,
1115 759 1280 836 potestate
1361 782 1367 790 ·

192 850 284 914 sacta
298 850 443 928 dicendi,
466 852 584 935 positis
600 852 770 917 ferocibus
785 853 918 929 animis,
933 871 1054 935 pacem
1069 852 1134 917 sibi
1150 854 1194 918 ab
1208 853 1283 917 llo·

191 952 296 1014 manis
313 951 457 1032 bellique
467 951 526 1034 jus
542 951 706 1018 adversus
722 953 887 1018 Sidicinos
901 954 1082 1036 petierunt.
1114 959 1124 992 ‘
1140 953 1230 1032 Qua
1242 973 1281 1018 se

192 1069 234 1114 eo
253 1050 383 1132 justius
398 1057 518 1134 peiere,
538 1052 630 1134 qnod
651 1061 686 1117 et
707 1051 743 1116 in
766 1055 973 1119 amicitiam⁴
992 1054 1110 1137 populi
1132 1054 1281 1118 Romani

193 1150 350 1215 secundis
364 1152 436 1214 suis
451 1153 561 1231 rebus,
575 1173 640 1216 nou
659 1153 824 1228 adversis,
845 1160 884 1218 ut
899 1153 1076 1235 Campani,
1091 1155 1280 1232 uenissent3

193 1257 228 1316 et
241 1250 402 1315 adversus
416 1251 589 1316 Sidicinos
606 1259 770 1317 sumerent
792 1271 895 1329 arma,
919 1272 1000 1317 suos
1016 1272 1147 1335 semper
1158 1253 1282 1329 hostes,

192 1352 308 1434 populi
321 1350 470 1416 Romani
486 1372 654 1436 nunqnam
671 1355 810 1430 amicos,
836 1355 895 1435 qni
910 1342 983 1430 nec,
998 1360 1034 1416 nt
1052 1354 1227 1426 Samnites,
1249 1355 1283 1416 in

192 1470 279 1533 paee
293 1453 487 1530 amicitiam,
508 1473 581 1531 neo,
599 1461 637 1519 ut
652 1454 829 1538 Campani,
848 1455 1012 1519 auxilinm
1025 1455 1060 1517 in
1073 1453 1164 1518 bello
1177 1454 1282 1535 petis·

195 1556 279 1630 seut,
293 1572 354 1617 nec
368 1555 402 1618 in
415 1554 481 1618 fide
496 1556 615 1638 populi
631 1553 790 1632 Romani,
805 1576 866 1621 uec
880 1557 935 1619 in⁵
951 1555 1078 1620 ditione
1092 1554 1228 1617 essent.'

235 1653 268 1717 2.
292 1651 377 1716 Gnm
402 1655 445 1719 de
472 1657 651 1739 postulatis
676 1657 875 1722 Samnitium
898 1657 953 1722 Ti.
977 1655 1137 1720 AEmilius
1159 1661 1285 1735 prator

127 1825 131 1832 ,
192 1761 344 1820 senatum
356 1757 589 1834 consuluisset,
605 1757 872 1840 reddendumque
883 1757 936 1821 bis
948 1757 1060 1822 foedns
1072 1757 1193 1820 Patres
1206 1775 1282 1818 cen-

194 1857 348 1934 suissent,
375 1863 497 1940 praetor
521 1859 729 1922 Samnitibus
748 1858 940 1942 respondit:
961 1857 1059 1948 ‘Nec
1083 1875 1149 1938 quo
1171 1855 1283 1920 minue

192 1962 356 2040 perpetua
374 1977 447 2022 cnm
464 1959 514 2022 eis
530 1958 701 2024 amicitia⁶
719 1967 819 2038 esset,
842 1978 901 2042 per
914 1960 1075 2040 populum
1089 1955 1283 2019 Romanum

193 2058 341 2123 stetisse:
364 2079 428 2123 nec
444 2060 637 2136 contradici,
661 2061 752 2140 quin,
776 2059 931 2140 quoniam
956 2060 1050 2140 ipsus
1072 2055 1156 2118 belli
1182 2055 1284 2137 culpa

194 2175 255 2221 sna
268 2161 427 2224 mntracti
451 2159 585 2224 radium
609 2159 747 2241 ceperit,
770 2159 919 2223 amicitia
938 2157 980 2220 de
995 2158 1121 2235 integro
1135 2155 1284 2217 reconci-

193 2256 301 2322 lietur.
345 2259 447 2338 Quod
470 2261 512 2324 ad
537 2261 707 2324 Sidicinos
726 2260 892 2335 attineat,⁷
917 2256 998 2320 nibil
1019 2255 1192 2330 intercedi,
1215 2273 1284 2335 qno

194 2356 304 2422 minus
316 2359 459 2423 Samniti
475 2361 603 2443 populo
615 2362 710 2443 pacis
721 2360 870 2441 bellique
882 2360 1023 2423 liberum
1035 2355 1209 2419 arbitrium
1219 2351 1285 2418 sit?

196 2457 336 2523 Foedere
352 2461 435 2538 icto,
457 2479 535 2524 cum
550 2461 683 2524 domum
698 2462 917 2536 revertissent,
943 2456 1115 2537 extemplo
1130 2453 1207 2518 inde
1225 2473 1285 2517 ex-

194 2559 317 2624 ercitus
332 2560 509 2625 Romanus
525 2560 712 2638 deductus,⁸
734 2579 842 2624 annuo
858 2558 1024 2641 stipendio
1035 2564 1069 2620 et
1083 2557 1180 2620 triam
1192 2574 1287 2619 men·

91 2696 96 2702 ·
195 2660 280 2724 siam
296 2661 459 2726 frumento
474 2669 633 2744 aocept03
655 2661 743 2743 quod
758 2660 931 2742 pepigerat
950 2657 1083 2733 consul,
1099 2663 1137 2718 ut
1152 2662 1285 2737 tempus

193 2759 338 2824 induciis
363 2760 468 2838 daret,
494 2761 606 2844 quoad
632 2761 731 2839 legali
756 2761 930 2824 redissent.
977 2757 1154 2832 Samnites,
1176 2755 1286 2837 copiis

195 2858 327 2937 iisdem,
350 2863 474 2943 quibus
497 2863 550 2926 usi
571 2863 731 2926 adversus
755 2849 946 2925 Romanum
971 2858 1122 2922 bellnm⁹
1143 2856 1284 2932 suerent,

196 2970 310 3026 contra
333 2961 502 3026 Sidicinos
522 2961 675 3044 proiecti,
697 2961 786 3026 baud
800 2963 836 3023 in
851 2961 954 3023 dubia
969 2979 1030 3042 spe
1044 2967 1139 3022 erent
1158 2962 1284 3018 mature

195 3062 287 3126 urbis
299 3061 445 3128 hostium
460 3063 644 3146 potiundae.
674 3061 761 3126 Tum
774 3062 817 3124 ab
828 3059 990 3123 Sidicinis
1000 3055 1128 3120 deditio
1138 3051 1229 3136 p'rius
1242 3052 1286 3116 ad

196 3160 371 3226 Romanos
386 3171 500 3246 coepta
514 3165 587 3228 lieri
599 3172 673 3228 cst:
696 3163 784 3240 dein,
804 3168 980 3245 postquam
996 3159 1116 3222 Patres
1131 3161 1166 3219 ut
1180 3173 1285 3217 seram

650 3342 830 3366 commone

196 3460 251 3516 quot
268 3455 388 3505 ebore-l
408 3457 477 3512 Quod
496 3459 520 3505 iu
537 3457 666 3508 arabilium
683 3457 799 3508 Gronov.
820 3454 923 3517 Dunjet.
954 3451 1015 3500 Vid.
1029 3451 1094 3500 Not.
1105 3449 1217 3498 Vna-⁵
1236 3450 1286 3498 ‘lu

196 3518 346 3630 {latitat
366 3521 481 3570 Gronov.
502 3523 544 3569 all.
564 3521 648 3571 reale!
676 3521 770 3571 Strutb.
804 3520 882 3568 Melit
902 3519 929 3569 J.
953 3518 982 3565 F.
1003 3515 1118 3564 Gronov.
1133 3517 1175 3562 arri
1196 3513 1287 3562 ditiore

228 3649 245 3693 6
261 3645 339 3708 ang.
359 3653 471 3709 perpetua
488 3647 652 3716 amicitia-'l
670 3647 765 3698 Altiaet
777 3646 892 3698 Gronov.
904 3615 1011 3707 lloujal.
1028 3640 1193 3691 Cretica-8
1209 3639 1287 3701 Vulg.

684 3805 794 3856 Nom

196 3930 256 3979 cap.
272 3920 297 3966 o.
315 3915 372 3966 ‘Ex
389 3931 440 3966 uua
455 3917 511 3966 acie
530 3917 721 3980 imperatorem,
762 3919 875 3968 Gellium
886 3918 905 3966 l.
917 3929 982 3965 xrrr.
992 3929 1016 3963 c.
1027 3915 1069 3962 22.
1086 3917 1113 3957 et
1131 3907 1164 3955 ad
1175 3921 1233 3956 euru
1243 3905 1287 3958 Ju-

197 4006 232 4042 ex
253 3993 338 4044 altera
356 3995 500 4044 exercitum
522 3997 578 4046 Diis
600 3998 721 4047 Manibus
762 3994 841 4044 Fred.
854 3991 1021 4042 Graeculum.
1037 3987 1065 4033 J.
1079 3983 1193 4032 clericae.

197 4069 325 4134 matrique
333 4070 420 4119 Terra
432 4070 538 4121 daban)
795 4068 935 4128 “Imm
945 4063 1064 4112 Solebam
1075 4069 1287 4142 aerumnarum·

232 4144 291 4194 bra
304 4145 396 4208 Matri]
411 4146 451 4196 En
469 4153 509 4196 ert
528 4159 591 4197 uxor
608 4148 722 4204 Saturni,
764 4139 969 4201 tresnariae-r]
992 4133 1090 4188 Sabelli
1101 4149 1163 4197 ergo
1174 4147 1227 4184 non
1240 4144 1288 4182 mr·

201 4233 260 4281 qum
283 4221 355 4272 Rbus
378 4223 418 4273 rel
441 4221 498 4287 Ope
519 4222 621 4275 dicitur.
656 4221 723 4272 Vide
763 4210 1149 4281 nnrsrmaltmanerbini.
