3150 4942
315 414 401 481 1258
782 424 817 473 t.
841 424 939 473 nrvrr
997 479 1001 484 ,

317 574 483 637 Burnum:
506 578 680 654 postquam
699 571 843 655 perpelli
863 569 1055 653 nequibunt,
1079 572 1235 651 consilio,
1249 570 1344 637 haud
1356 571 1417 635 ab·

315 675 465 739 horrente
481 674 524 737 ab
539 673 681 755 ingeniis
694 672 877 750 hominum,
886 691 946 736 eos
955 670 1197 753 aggrediuntur.
1242 674 1311 736 Die
1325 673 1420 736 sesto

317 774 376 839 alii
391 774 478 839 alins
492 792 553 856 per
568 773 716 855 speciem
733 771 1005 837 celebrandarum
1020 780 1119 837 centu
1141 776 1312 857 epularum
1335 792 1423 837 ceu·

316 894 355 939 sa
367 882 395 911 ²⁰
417 876 566 949 invitant,
582 880 615 937 et
626 874 714 950 vino,
729 874 827 956 cnjus
841 873 978 938 uvidum
992 871 1094 937 ferme
1118 894 1221 955 genus
1236 882 1313 951 est,¹
1338 893 1424 939 οπο·

315 986 408 1041 ratos
423 976 577 1059 sapiunt;
599 982 700 1057 alque
712 976 759 1039 ita
774 975 808 1037 in
823 975 974 1057 plaustra
995 992 1113 1038 somne
1133 975 1263 1040 uinctos
1275 982 1312 1011 ²¹
1334 995 1421 1041 con-

310 1078 443 1163 jiciunt,
467 1096 507 1142 ec
528 1076 672 1140 Romam
699 1075 885 1159 deportant.
929 1072 1004 1138 Nec
1027 1074 1119 1157 prius
1141 1094 1285 1149 sensere,
1300 1095 1421 1157 quern,

316 1179 473 1261 plaustris
485 1178 518 1241 iu
532 1178 605 1242 loro
617 1177 757 1252 relictis,
772 1176 893 1257 plenos
907 1175 1055 1259 crapulae
1071 1193 1132 1239 eos
1150 1174 1212 1239 lux
1227 1179 1423 1257 oppressit.

313 1278 411 1343 Tunc
426 1296 611 1343 concursus
625 1276 742 1361 populi
758 1276 880 1352 iactus,
896 1276 1158 1358 impetratoque,
1173 1283 1212 1340 nt
1227 1285 1424 1354 manerent,-

315 1378 442 1457 daturn,
457 1386 495 1442 ut
511 1378 656 1444 triduum
669 1378 846 1461 quotannis
860 1377 989 1453 ornati:
1011 1395 1089 1441 curn
1104 1384 1204 1443 cantu
1219 1384 1323 1459 atque
1338 1378 1417 1453 huc,

315 1499 391 1562 quae
416 1500 502 1545 nune
525 1479 675 1544 solennis
703 1488 767 1557 est,
789 1478 924 1542 licentis
948 1496 1010 1561 per
1040 1476 1163 1543 Urbem
1193 1486 1425 1561 vagarentur:-

314 1582 565 1665 restitutumque
579 1580 613 1644 iu
628 1578 701 1643 aede
716 1580 870 1644 vescendi
881 1580 942 1662 jus
965 1578 1022 1654 iis,
1049 1579 1106 1661 qui
1126 1579 1232 1643 samis
1250 1581 1417 1661 praecine-

313 1686 396 1745 rent.
452 1680 542 1745 Heec
556 1681 641 1744 iuter
655 1679 794 1744 duorum
809 1680 994 1761 ingentium
1009 1680 1175 1744 bellorum
1189 1698 1304 1745 curam
1319 1700 1416 1763 gero·

312 1783 443 1847 buntur.

355 1883 412 1947 31.
433 1882 601 1947 Consules
616 1882 700 1947 inter
714 1901 751 1946 se
763 1882 954 1965 provincias
963 1883 1075 1964 partiti
1087 1902 1097 1961 3
1107 1882 1131 1947 J
1133 1883 1213 1947 unio
1227 1882 1414 1962 Samnites,

314 1984 454 2047 AEmilio
468 2002 592 2049 novum
608 1983 729 2046 bellurn
754 1982 888 2047 Etruria
902 1988 992 2045 sorte
1008 1982 1169 2047 obuenit³
1212 1982 1254 2047 In
1269 1983 1414 2049 Samnio

315 2084 492 2161 Cluvium*
513 2084 704 2167 praesidium
730 2083 930 2159 Romanum,
945 2084 1025 2165 quia
1047 2085 1247 2165 nequiverat
1269 2086 1303 2148 vi
1318 2088 1413 2168 copi,

314 2185 489 2250 obsessum
504 2183 592 2250 lame
612 2186 647 2247 iu
662 2183 865 2249 deditionem
879 2192 1083 2266 acceperuut
1096 2186 1276 2264 Samnites,
1296 2187 1414 2251 uerbe-

313 2285 467 2368 ribusque
486 2285 612 2352 ioeduur
638 2286 672 2349 in
693 2284 828 2349 modurn
849 2284 1019 2347 laceratos
1043 2286 1236 2349 occiderunt
1265 2286 1411 2351 deditos.

315 2386 407 2449 Huic
419 2384 567 2449 infensus
582 2384 769 2450 crudelitati
783 2384 808 2449 J
811 2384 919 2460 unlus,
944 2384 1027 2447 nihil
1051 2385 1223 2466 antiquius
1236 2406 1412 2470 oppuffle·

312 2485 401 2551 tione
416 2485 582 2551 Cluviana
594 2494 696 2563 retus,
712 2504 781 2569 quo
793 2485 847 2549 die
863 2494 1105 2567 aggressusest
1116 2487 1251 2561 moeniu,
1261 2488 1297 2551 vi
1308 2489 1411 2571 cepit,

312 2757 467 2825 superfluunt
480 2760 616 2811 videbatur
627 2761 710 2813 Gran.
732 2763 822 2812 Molirn
834 2778 882 2826 pro
893 2777 925 2814 oo
935 2765 977 2825 φη·
987 2762 1093 2826 legero!
1105 2763 1277 2826 Rapa-ao
1294 2764 1303 2792 ‘
1315 2764 1412 2815 netu·

313 2826 372 2875 doru
385 2837 443 2874 erse
456 2839 543 2875 vocem
554 2840 632 2883 mro,
647 2827 700 2887 jnm
712 2828 756 2876 alil
767 2828 909 2877 monuere’
926 2828 1076 2890 Rupere-1
1093 2827 1215 2887 ‘Malim
1225 2826 1295 2889 quod
1308 2829 1335 2877 in
1346 2844 1411 2879 non·

311 2888 387 2937 nulllo
404 2890 469 2939 Μαι.
491 2900 610 2953 apparet,
626 2890 693 2949 ιηἰιι
713 2892 809 2941 raim
822 2891 902 2952 sem
918 2892 945 2941 ut
963 2906 1038 2953 μιν
1053 2891 1109 2941 ert?
1128 2891 1307 2954 Doering.-2
1329 2893 1412 2947 Treta

313 2953 428 3004 Gronov.
444 2954 552 3015 DouJat.
564 2954 681 3003 Crevier.

344 3020 358 3067 i
378 3016 525 3082 Legendurn
539 3027 625 3069 monet
634 3018 660 3069 J.
673 3017 702 3067 F.
715 3018 829 3069 Gronov.
849 3018 990 3069 consulitur
1000 3018 1236 3084 interreprooisoioo
1244 3020 1411 3082 partitiale·

804 3161 911 3213 Now

344 3257 443 3309 ‘Sem
453 3259 543 3308 vinctor
552 3256 768 3321 [oiotor1Veteres
779 3259 839 3309 libri
879 3258 938 3307 doru
950 3256 1094 3308 Minerva!
1116 3258 1185 3308 Nom
1198 3258 1224 3307 in
1235 3258 1352 3322 ejusden
1362 3260 1409 3310 bo·

311 3333 406 3383 liabent
423 3348 502 3382 umaro
516 3335 620 3392 einum
647 3333 714 3399 quad
734 3334 839 3399 Sigoniu
878 3348 967 3382 norern
998 3334 1164 3398 quinquatria
1191 3335 1290 3398 majore
1317 3348 1408 3386 menso

311 3409 407 3469 placet.
430 3406 544 3470 Alioqui,
556 3407 648 3470 inquit,
661 3409 767 3459 vinculis
776 3424 837 3459 con·
878 3408 974 3458 Mettio
989 3424 1038 3472 per
1047 3408 1160 3474 quinque
1171 3408 1226 3457 dieo
1237 3409 1408 3459 celebrabun-

311 3481 455 3544 atrlngendi
474 3482 587 3538 fuerant,
610 3498 668 3532 cunr
691 3482 765 3533 iuviti
785 3484 837 3532 lio·
877 3491 929 3533 tur.

310 3570 377 3607 motu
399 3556 573 3619 ducerentar5
601 3566 628 3608 et
646 3572 707 3607 vero
728 3560 836 3609 vinculis
909 3560 1407 3624 ιΙιιδιπιιιίοὒὶιιινίιιιιι](ἶΙιιιιίιῆιίῑίιι

310 3632 432 3682 astrictos
460 3630 575 3679 indicant
599 3631 642 3680 otii
670 3633 783 3697 codices,
810 3636 846 3704 in
877 3636 1002 3685 Arevacio
1016 3636 1160 3699 Hispaniae,
1172 3636 1407 3687 emoden-

309 3704 481 3771 quiltasdeest
491 3702 642 3755 vocabulum
655 3722 745 3770 mn,
756 3710 837 3773 scrip·
876 3716 919 3763 sle:
935 3713 1029 3763 Cluuio
1039 3714 1101 3761 item
1113 3713 1139 3761 in
1148 3713 1257 3775 libetis,
1263 3728 1322 3778 qun
1333 3715 1405 3765 Fer·

311 3780 578 3845 tumqueestoiootos.
876 3788 953 3837 hirei.
985 3788 1037 3837 Sed
1054 3790 1081 3836 in
1097 3788 1344 3853 Souniocluviour,
1360 3799 1406 3840 sot

340 3866 350 3890 ¹
368 3856 401 3905 Ut
412 3854 650 3918 triduumqootusois
666 3855 756 3920 amau]
773 3856 835 3908 Huc
876 3862 1267 3927 altini·appellationisollcano
1279 3866 1405 3929 oppidani

309 3932 440 3995 respicere
463 3932 565 3982 ridetur
585 3931 669 3981 Varro
688 3934 733 3983 lib.
757 3948 784 3984 v.
801 3934 834 3984 ‹le
875 3941 972 3989 nullutn
983 3941 1096 3991 invenio·
1122 3940 1405 4007 Auctooirneuerip·

309 4008 384 4071 nug.
396 4008 455 4057 Lot·
471 4008 667 4071 ‘Quinquatrus
685 4010 833 4060 minusculo
873 4017 957 4065 serint
968 4015 1078 4071 librorii,
1087 4030 1144 4065 oum
1154 4017 1272 4065 Cadio·
1280 4016 1349 4068 forte
1361 4020 1401 4068 Li·

307 4082 382 4131 dicto
391 4082 476 4133 Junire
489 4084 547 4132 idun
559 4083 592 4132 ab
603 4085 771 4134 similitudine
780 4102 832 4135 rno-
873 4090 928 4138 vius
939 4090 1095 4152 scripsisset.
1113 4090 1170 4139 eliis
1186 4089 1352 4140 divinandum
1361 4105 1405 4149 re-⁸

302 4158 397 4221 jurum,
407 4158 476 4221 quod
489 4158 607 4208 tibicines
620 4168 673 4208 tuna
686 4159 774 4211 l'eriati
786 4178 834 4226 per
872 4165 967 4229 linquo.

309 4230 396 4280 urberu
406 4239 539 4296 rogantur,
547 4239 575 4282 ot
586 4236 741 4285 conveniunt
754 4237 785 4287 ad
799 4254 832 4287 ae·
