3150 4942
318 405 404 472 losa
782 421 818 467 τ.
841 421 935 468 nrvrr

319 563 374 626 dei
384 561 456 646 jam
473 581 557 640 suec,
571 581 635 627 non
647 561 751 627 solum
769 563 912 640 virtutis,
927 563 1095 628 ducebant
1109 584 1194 643 esse,
1208 569 1246 629 ut
1259 566 1417 648 accepis-

319 671 394 729 sent
407 664 476 728 dno
491 665 624 748 patricii
649 665 866 742 consulatum,
881 667 931 728 ita
955 666 1118 729 ambobus
1144 667 1298 749 patriciis
1320 679 1417 730 man-

319 765 427 830 dare!
470 763 561 844 Quin
576 773 635 830 aut
650 772 722 830 toto
737 765 919 830 cedendum
941 785 1028 842 esse,
1048 766 1078 830 si
1101 766 1250 849 plebeius
1259 768 1332 853 jam
1345 787 1418 832 ma·

320 865 477 948 gistratns
488 867 682 931 consulatus
697 865 765 942 fiat,
777 871 835 930 ant
844 871 950 930 totum
959 866 1210 949 possidendum,
1223 887 1325 951 qnam
1335 887 1420 952 pos-

321 967 506 1032 sessionem
526 967 683 1050 integram
699 986 720 1029 a
734 967 883 1049 patribus
899 968 1117 1050 accepissent.
1154 967 1277 1032 Plebes
1293 978 1420 1033 contra

320 1069 454 1134 tremite
475 1073 484 1104 ⁶
502 1067 593 1146 Quid
607 1088 644 1132 sc
663 1069 788 1144 vivere,
807 1068 889 1151 qnid
910 1069 944 1132 in
966 1073 1059 1151 parte
1079 1069 1202 1133 civium
1217 1071 1356 1146 censeri,
1374 1073 1419 1146 sl,

321 1169 412 1253 quod
423 1169 559 1234 duomm
574 1169 741 1232 bominum
756 1169 889 1246 virtute,
906 1170 947 1233 L.
961 1169 1067 1234 Sextii
1078 1190 1120 1234 ac
1135 1169 1173 1234 G.
1189 1170 1325 1245 Licinii,
1340 1191 1420 1254 par-

321 1275 393 1334 turn
406 1271 461 1347 sit,
486 1268 521 1332 id
537 1269 685 1333 obtinere
708 1271 854 1333 universi
878 1287 945 1333 non
967 1271 1119 1352 possint‘l
1142 1270 1207 1334 Vel
1228 1291 1337 1354 reges,
1363 1273 1421 1336 uel

322 1370 542 1444 decemviros,
559 1369 623 1446 rel,
639 1369 771 1453 siquod
788 1371 914 1434 tristius
927 1372 972 1434 sit
986 1371 1117 1453 imperii
1136 1391 1268 1450 nomen,
1283 1374 1421 1457 patien-

323 1470 402 1533 dum
417 1489 491 1533 esse
506 1471 743 1554 potiusquam
765 1474 884 1536 ambos
908 1473 1071 1555 patricius
1094 1473 1248 1536 consules
1272 1473 1421 1551 videant,

322 1571 433 1635 necin
450 1571 556 1634 vicem
573 1577 728 1652 pareatur
743 1580 846 1655 atque
862 1575 1057 1655 imperetur3
1080 1573 1140 1638 sed
1159 1594 1239 1657 pars
1252 1574 1369 1651 altera,
1385 1577 1422 1638 in

324 1678 450 1734 aetcmo
466 1671 609 1753 imperio
625 1669 747 1747 locata,
761 1673 892 1756 plebem
905 1692 1073 1757 nusquam
1089 1673 1157 1737 alio
1170 1675 1422 1757 natam,¹-qua1n

325 1770 367 1835 ad
384 1771 606 1850 serviendum,
618 1771 737 1854 putot.'
783 1773 862 1837 Non
877 1773 995 1837 desunt
1005 1773 1125 1838 tribuni
1139 1782 1291 1839 auctores
1305 1776 1424 1839 turba·

327 1893 422 1954 rum3
444 1872 504 1936 scd
520 1873 605 1936 inter
620 1874 806 1938 concitatos
819 1893 878 1957 per
889 1893 926 1936 se
941 1894 1057 1938 omncs
1071 1874 1131 1939 vix
1145 1875 1250 1939 duces
1265 1876 1425 1942 eminent.

325 1971 515 2057 Aliquoties
529 1973 653 2037 frustra
666 1973 699 2036 in
711 1993 866 2057 campum
883 1973 1080 2038 descensum
1100 1995 1177 2039 cum
1192 1985 1291 2052 esset,
1306 1977 1423 2041 multi-

326 2094 391 2157 que
414 2095 473 2157 per
499 2075 683 2139 seditiones
706 2076 772 2138 acti
796 2076 981 2139 comitiales
1006 2074 1097 2157 dies;
1129 2086 1296 2159 postremo
1320 2078 1425 2144 riotae

326 2177 577 2258 perseverantia
591 2175 768 2238 consulum
784 2176 893 2258 plebis
907 2195 949 2238 eo
963 2175 1060 2239 dolor
1074 2177 1193 2259 erupit,
1204 2183 1240 2240 nt
1255 2177 1425 2254 tribunos,

326 2281 457 2339 ‘actum
474 2293 548 2338 esee
568 2274 611 2337 de
630 2274 807 2338 libertate'
829 2273 1060 2350 vociferantes,
1083 2277 1426 2360 ‘relinquendumque

326 2394 392 2439 non
418 2393 572 2458 campum
593 2375 666 2456 jam
690 2375 809 2444 solum,
833 2375 895 2439 sed
921 2377 1021 2438 etiam
1046 2379 1159 2440 urbem
1173 2387 1305 2462 captam
1319 2387 1425 2462 atque

327 2492 525 2555 oppressam
554 2491 656 2554 regno
682 2474 915 2556 patriciorum‚’
945 2482 1067 2541 moesta
1095 2480 1191 2561 plebs
1219 2487 1427 2561 sequeretur.

328 2572 507 2650 Consules,
523 2572 629 2637 relicti
643 2593 663 2638 a
681 2582 774 2655 parte
790 2576 918 2658 pupuli,
940 2595 1002 2659 per
1015 2578 1269 2660 infrequentiam
1284 2579 1428 2643 comitia

327 2673 430 2737 nihilo
445 2674 583 2754 segnius
606 2672 794 2757 perficiunt.
839 2674 954 2739 Creati
976 2660 1133 2740 consules
1155 2679 1256 2741 ambo
1277 2679 1427 2760 patricii,

329 2770 380 2836 M.
397 2771 522 2838 Fabius
537 2772 725 2836 Ambustus
739 2773 882 2852 tertium,
892 2775 934 2838 Τ.
951 2774 1136 2853 Quintius·
1169 2776 1211 2841 ln
1225 2779 1428 2861 quibusdam

330 2873 508 2937 annalibus
519 2892 581 2955 pro
595 2874 637 2939 T.
653 2871 792 2950 Quintio
810 2874 859 2938 M.
876 2875 1059 2959 Popillium
1073 2879 1241 2942 consulem
1254 2880 1405 2943 invenio.

327 2968 330 2974 ’
373 2975 425 3038 19.
449 2974 527 3038 Duo
548 2973 636 3038 bella
657 2995 699 3038 co
714 2995 802 3040 anuo
818 2995 975 3061 prospere
988 2987 1102 3060 gesta;
1123 2999 1199 3044 cum
1213 2980 1428 3046 'liburtibns-
1552 2956 1553 2959 Ἴ

329 3093 396 3156 qne
410 3073 453 3137 ad
469 3075 670 3138 deditionem
686 3082 882 3156 pugnatum.
919 3078 1061 3142 Sassula
1074 3097 1119 3142 ex
1130 3078 1183 3143 his
1197 3082 1275 3144 urbs
1287 3089 1389 3164 capta
1398 3092 1428 3148 :¹

331 3179 509 3256 ceteraque
529 3172 655 3256 oppida
669 3173 808 3239 eandem
821 3175 986 3241 fortunam
1002 3177 1206 3259 habuissent,
1223 3182 1257 3244 ui
1272 3183 1429 3248 universa
1497 3175 1502 3188 '

331 3293 425 3356 gens,
447 3274 565 3357 positis
593 3276 706 3355 armis,
732 3277 767 3340 in
791 3276 892 3342 tidem
917 3281 1067 3344 consulis
1092 3283 1250 3347 venisset.
1294 3282 1427 3348 Trium-

365 3466 376 3500 *
392 3469 516 3518 Petebant
525 3485 586 3520 aaut
596 3472 700 3521 cumules
709 3485 756 3521 m
765 3475 900 3523 tuntumud
912 3473 1081 3532 fortitudinem
1089 3491 1166 3532 mem,
1175 3478 1217 3525 aed
1227 3475 1339 3526 etiamad
1348 3473 1429 3536 prebi-

332 3536 406 3580 tutem
417 3532 611 3592 etiatemituterrr
621 3535 685 3610 ¹sidet
699 3537 830 3599 pertinere,
845 3548 873 3587 ru
881 3542 1072 3601 quemadmodum
1080 3540 1130 3602 ipei
1140 3556 1154 3589 ι
1164 3555 1261 3590 naum
1272 3539 1429 3603 perram

331 3593 398 3644 umbo
409 3596 549 3643 emturum
559 3597 701 3657 dignantem
715 3607 811 3650 renutu
825 3617 895 3664 opera
909 3611 1055 3663 receperunt,
1071 3605 1105 3651 rie
1122 3607 1212 3668 <picen
1225 3611 1254 3653 ru
1272 3602 1361 3654 ductu
1370 3616 1429 3664 w·

828 3855 934 3908 ΝΟΜ

365 3942 380 3971 ”
398 3944 431 3992 Α.
441 3945 474 3995 U.
485 3947 515 3996 C.
526 3949 583 3996 ³⁹9.
899 3951 985 4001 Italic
998 3957 1115 4001 veterum
1130 3951 1274 4017 indugator,
1284 3951 1380 4001 nesciri
1392 3951 1431 4000 t'a·

364 4016 490 4068 *Samia
511 4036 541 4070 ex
562 4021 601 4070 uls
620 4020 676 4070 urbe
694 4025 776 4088 coptu]
801 4025 860 4076 Hoc
899 4033 979 4075 tetur.
1012 4027 1154 4076 Kircberun
1170 4029 1277 4094 conjicit
1295 4028 1331 4078 ibl
1348 4027 1427 4078 fuisse

332 4091 480 4143 'tiburtium
497 4097 620 4158 oppidum
636 4099 680 4149 ubl
698 4098 788 4164 fuerit,
800 4102 861 4151 Clu·
899 4102 944 4152 nbi
957 4117 1024 4153 nunc
1035 4103 1064 4154 S.
1076 4103 1200 4166 Gregorio.

333 4167 429 4232 renue,
456 4177 592 4240 accuratus
618 4173 713 4238 alioqui
741 4176 858 4226 locorum
