3150 4942
586 417 657 463 urs.
681 417 749 466 vrr.
772 417 862 464 cen>
879 401 933 467 le.
1221 404 1307 468 lull

211 569 300 626 tere:
325 562 384 622 ‘se
397 555 529 640 injussu
542 557 751 640 impensioris
767 563 825 624 ant
844 559 1071 640 dimicaturos,
1097 565 1157 624 unt
1177 563 1308 644 agmine

211 661 356 725 Rumam
370 657 498 722 ituros!
540 657 795 744 Immiscerique
812 660 974 724 militibus
989 660 1223 725 centuriones:
1245 681 1308 726 nec

212 763 246 826 in
262 759 419 825 circulis‘¹
444 759 547 824 modo
563 759 713 837 fremere,
729 761 788 824 sed
798 763 870 846 jam
892 763 927 826 in
949 761 1145 844 principiisr
1164 780 1206 825 ec
1221 781 1306 844 pree·

212 863 317 927 torio³
331 863 364 924 in
379 880 481 927 unum
491 881 661 925 sermones
676 860 848 938 confundi,
863 870 968 945 utque
983 863 1018 926 iu
1031 861 1204 926 concionis
1215 881 1308 943 meg-

210 957 562 1025 nitudinem'crescere
577 961 686 1036 turbu,
709 967 745 1024 et
768 961 946 1025 vociferari
964 980 1007 1026 err
1030 963 1187 1026 omnibus
1208 962 1308 1039 loeis,

212 1066 276 1126 ‘ut
296 1061 468 1144 extemplo
482 1061 525 1126 nd
545 1061 740 1126 dictatorem
754 1063 873 1127 iretur:
896 1064 999 1127 verbu
1011 1081 1072 1146 pro
1092 1063 1245 1128 exercito
1259 1063 1310 1128 ie·

213 1169 301 1227 ceret
316 1162 397 1226 Sex.
413 1161 559 1239 Tullius,
574 1168 613 1227 nt
625 1163 745 1226 virtute
761 1161 837 1244 ejus
853 1163 988 1244 dignum
1003 1162 1114 1227 esset!

254 1262 308 1328 13.
341 1263 529 1345 Septimum
555 1262 695 1344 primum
724 1261 851 1343 pilum*
868 1262 941 1345 jum
963 1261 1097 1327 Tullius
1122 1263 1313 1345 ducebet3⁸

212 1383 319 1448 neque
334 1369 406 1427 erat
425 1363 460 1425 in
477 1363 636 1438 exercitu,
653 1363 711 1444 qui
735 1361 871 1445 quidem
892 1363 1064 1446 pedestria
1079 1365 1250 1447 stipendia
1264 1367 1312 1440 ie·

215 1467 326 1539 nisset,
350 1465 400 1528 uir
422 1461 701 1544 iactisnobilior.
749 1463 797 1537 Is,
813 1464 1005 1545 praecedens
1020 1464 1161 1528 militnm
1177 1483 1311 1546 agmen,

215 1565 258 1628 ad
272 1563 413 1628 tribuual
429 1564 554 1646 pergit3
577 1563 775 1646 mirantique
790 1563 946 1648 Sulpicio
964 1583 1032 1628 non
1047 1565 1178 1628 turbem
1193 1567 1313 1648 magis„

213 1685 312 1748 quam
335 1665 440 1738 turben
458 1665 640 1748 principem
656 1665 820 1741 Tullium,
834 1667 984 1748 imperiis
999 1665 1310 1732 obedientissimum

213 1768 392 1842 militem‚¹⁰
423 1769 434 1799 ‘
458 1765 608 1842 Scilicet,
634 1766 799 1842 dictator,'
822 1768 943 1849 iuquit,
965 1767 1249 1832 ‘condemnatum
1272 1788 1312 1831 so

213 1867 389 1932 universus·
402 1865 572 1930 exercitus
588 1884 610 1928 n
624 1871 656 1928 te
671 1866 816 1946 ignnviae
830 1877 937 1942 ratus,
950 1874 986 1931 et
997 1887 1105 1951 prope
1119 1868 1313 1949 ignominiae

123 2016 127 2024 .
214 1987 320 2034 ceusu
342 1967 538 2030 destitutum
560 1969 631 2030 sine
653 1967 767 2043 armis,
782 1969 894 2032 oravit
908 1987 973 2046 me,
993 1977 1034 2034 ut
1057 1987 1154 2032 sunm
1173 1987 1313 2033 oensnrn

215 2069 307 2151 apud
333 2075 367 2132 te
393 2087 534 2148 agerem.
580 2066 756 2148 Equidem,
780 2068 889 2131 sicubi
910 2069 990 2132 loco
1009 2087 1155 2144 cessum,
1171 2068 1201 2131 si
1221 2073 1315 2149 terge

215 2171 293 2236 dutu
302 2169 405 2246 hosti,
418 2171 448 2233 si
462 2170 557 2250 signs
567 2167 659 2232 soede
674 2168 801 2234 emisse
816 2167 921 2251 objici
931 2169 1031 2233 nobis
1040 2173 1190 2250 possent,
1202 2173 1315 2232 tumen

215 2273 280 2336 lroc
295 2291 316 2334 a
332 2280 364 2334 te
380 2269 550 2354 inpetrari
567 2287 701 2352 mquum
717 2287 896 2346 censerem,
910 2275 946 2334 nt
959 2289 1021 2333 nos
1039 2270 1160 2334 virtute
1179 2267 1315 2351 culpam

215 2379 359 2438 nostram
374 2373 548 2454 corrigere,
564 2379 598 2436 et
612 2369 747 2436 abolere
761 2371 881 2452 ling-itii
894 2371 1089 2439 memoriam
1103 2387 1195 2434 nove
1208 2369 1316 2451 glorie

248 2552 369 2665 'turpilius
381 2551 471 2602 Sextus
481 2549 520 2600 lic
534 2554 624 2612 septem
633 2547 688 2610 ,ion
706 2563 780 2598 orsos
796 2547 884 2611 legioni
901 2553 1005 2614 premnt
1023 2554 1134 2612 torpuere
1151 2547 1255 2612 proximi
1269 2546 1317 2610 piti

215 2631 255 2665 cen
322 2650 329 2666 .
719 2622 727 2633 ·

707 2707 817 2758 NO'l'AE

248 2818 260 2852 t
278 2808 424 2872 lseimlir]
441 2807 555 2858 Circulos
566 2805 608 2856 lric
623 2805 688 2856 (licit
698 2819 746 2869 pro
785 2811 847 2856 inte
866 2807 980 2856 tenteris
994 2805 1165 2866 tribunorum,
1180 2804 1223 2872 nbi
1240 2805 1318 2866 pleri·

217 2887 326 2937 cneum
337 2887 446 2935 militurn
462 2883 661 2948 colloquentium
673 2883 746 2947 qussi
785 2897 836 2946 qne
858 2883 966 2932 militurn
986 2881 1121 2930 mesinsru
1141 2881 1194 2930 diei
1216 2889 1317 2944 pertenr

217 2964 244 3012 in
255 2962 352 3012 circulo
360 2975 406 3010 sen
418 2974 520 3010 corona.
786 2956 916 3008 terebant.
937 2957 1020 3008 ,Vide
1045 2956 1115 3013 lust.
1144 2957 1257 3018 lipsium
1282 2955 1316 3003 de

249 3037 301 3086 *ln
312 3035 448 3100 principiis]
462 3035 611 3084 Castrorum
620 3031 746 3097 prlncipis
786 3031 843 3080 elit
860 3031 936 3080 Rom.
954 3030 1000 3079 lib.
1018 3041 1045 3078 ν.
1063 3028 1134 3078 Dlel.
1152 3033 1177 3078 8.
1193 3031 1220 3080 J.
1239 3029 1317 3077 cteri-

219 3112 325 3178 preprie
339 3118 401 3161 sunt
419 3112 500 3166 locus,
520 3110 563 3160 ubi
577 3109 663 3158 defin
680 3123 745 3172 prae-
785 3119 837 3154 m.

218 3189 296 3253 cipue
307 3188 389 3251 signs.
421 3186 537 3236 Sumltnr
549 3193 634 3236 temen
647 3198 694 3249 pro
705 3186 746 3234 uls
819 3188 829 3213 ¹
843 3180 1013 3244 Acprstorio]
1031 3181 1187 3231 Pretorium
1198 3188 1240 3230 est
1249 3194 1316 3246 pre·

219 3273 247 3315 et
267 3267 351 3329 sputio
373 3262 458 3314 medio
479 3263 546 3312 inter
568 3262 695 3326 legionum
718 3269 746 3312 et
787 3257 862 3317 toris,
873 3258 928 3306 sire
938 3256 1102 3318 imperatoris
1120 3257 1257 3305 tentorium
1273 3270 1316 3304 ce·

219 3343 378 3391 tribunorum
389 3339 511 3389 tentoria:
525 3337 747 3403 qnoloeocuplts,
788 3332 851 3381 teris
868 3331 988 3393 emplius,
1000 3337 1027 3379 et
1045 3329 1120 3378 sones
1132 3329 1224 3378 summi
1235 3329 1319 3392 (lucis,

219 3425 249 3466 nt
267 3418 303 3466 its
321 3416 415 3476 dicem,
431 3414 562 3464 exercitus
574 3413 747 3476 metebantur,
787 3407 928 3471 conspicuo
938 3420 968 3454 ec
981 3406 1129 3469 plerumque
1141 3403 1318 3466 penloeditio·

221 3491 264 3541 nbi
276 3491 383 3550 tribuni,
397 3489 525 3552 praefecti,
537 3495 564 3537 et
574 3487 748 3538 honestissimi
788 3497 817 3531 re
833 3489 973 3532 nostrornm
986 3481 1053 3533 loco,
1072 3480 1141 3527 inter
1151 3478 1279 3542 principis
1289 3486 1318 3527 et

221 3569 400 3620 centurionum
418 3583 448 3617 nc
465 3565 633 3615 decurionum
651 3565 748 3614 rerssrl
789 3559 897 3608 Portum
908 3556 1061 3606 Ptffloritm
1079 3555 1173 3617 potita.
1188 3556 1214 3603 in
1230 3554 1317 3604 medio

219 3645 400 3708 utplurimum
419 3642 497 3692 sollu.
530 3641 580 3691 Hi.
596 3649 682 3689 autem
695 3655 750 3688 m..
789 3635 895 3682 sliornnr
911 3632 1015 3694 ducum,
1032 3633 1174 3694 legstornm
1188 3632 1317 3694 puts‚tri·

215 3723 260 3786 jor
271 3722 337 3784 reip.
354 3732 418 3769 curs
427 3727 453 3767 et
465 3731 537 3766 amor
548 3729 624 3780 quem
637 3715 749 3765 militnm
789 3707 925 3770 bonorum,
935 3707 1081 3772 questoris,
1092 3704 1222 3768 prefecti.

220 3799 305 3861 volgo.
338 3797 427 3847 Qusre
446 3793 482 3842 ibi
498 3791 616 3841 liberisc
632 3789 748 3840 wilielmi
822 3794 833 3840 t
855 3783 987 3847 Septimum
1010 3783 1115 3844 primunr
1136 3779 1222 3842 pilius]
1246 3778 1318 3829 Just.

220 3885 349 3923 sermones
366 3869 508 3933 periculum
521 3867 604 3930 msjns
622 3864 749 3914 defectio·
788 3861 891 3924 lipsius
909 3873 962 3908 non
980 3857 1118 3918 septimum
1147 3853 1250 3912 ordinm,
1270 3854 1317 3904 sed

222 3953 263 4002 nis
274 3947 420 3998 ostendunt.
453 3946 492 3994 Eo
505 3945 583 3995 etisnr
599 3948 703 4005 spectet
715 3941 748 3990 si·
789 3936 928 3986 iteratione
940 3934 1037 3982 dictum
1046 3935 1143 3983 censet,
1153 3940 1198 3977 seu
1210 3929 1316 3992 quijsrm

223 4027 287 4076 milis
309 4027 381 4075 locus
399 4021 444 4071 lib.
463 4032 557 4069 xxvrr.
573 4018 599 4066 in
616 4015 750 4081 principiis
790 4015 889 4078 septies
900 4011 985 4061 fureret
997 4007 1148 4072 primipilus.
1179 4007 1246 4056 Vide
1258 4023 1317 4057 enm

223 4101 406 4167 pretoriuque,
426 4095 470 4146 obi
487 4107 617 4144 sermones
636 4092 705 4142 luter
721 4104 749 4141 se
791 4089 824 4139 (le
835 4089 893 4140 stit.
902 4089 976 4138 Rom.
985 4085 1029 4135 lib·
1039 4097 1070 4134 ιι.
1082 4083 1150 4136 niel.
1161 4088 1186 4137 θ.
1201 4087 1229 4136 J.
1241 4083 1317 4134 Cleri-

222 4167 634 4228 sereetiurncirculesridissent.’
791 4179 841 4216 css.

258 4254 288 4304 ln
296 4249 432 4316 principiis]
450 4249 535 4302 bosus
545 4253 602 4300 eret
617 4245 644 4296 in
659 4243 751 4296 cestris
