3150 4942
571 487 642 533 niu.
667 484 705 534 x.
729 472 866 567 carri.
1179 472 1264 539 1307

167 626 277 693 Tecta
297 627 454 691 semiruta
470 626 548 703 rici,
562 646 622 710 per
637 628 855 692 vastationem
871 646 1022 709 agrorum
1033 628 1161 707 deusti,
1174 632 1265 696 haud

169 728 288 811 procul
307 728 428 791 castris
448 726 675 793 Romanorum
698 730 849 791 aberant.
893 728 949 792 Ibi
969 729 1093 793 abditis
1114 733 1264 811 armatis,

168 840 274 911 pecus
289 828 323 891 in
337 834 516 910 conspectu
533 828 684 911 praesidii
700 826 861 905 Romani,
874 830 928 892 cui
947 837 1093 912 praeerat
1108 829 1170 894 Gn.
1186 830 1264 896 Ful-

169 930 244 993 vius
260 928 400 1009 legatus,
416 929 622 1012 propulsum.
667 928 722 993 Ad
738 947 839 1011 quarn
853 930 1047 995 illecebram
1062 951 1137 996 curu
1151 951 1266 997 more·

168 1036 256 1097 retur
269 1048 369 1093 uerno
384 1031 427 1093 ab
441 1028 597 1093 Romana
608 1030 764 1107 statione,
776 1038 946 1112 pastorum
957 1048 1057 1108 nnus,
1068 1051 1267 1115 progressus

168 1134 234 1197 sub
256 1133 350 1214 ipsas
372 1130 583 1208 munitiones,
597 1132 755 1195 inclamat
777 1131 875 1207 alios,
892 1140 1081 1197 cunctanter
1103 1134 1145 1197 ab
1160 1134 1267 1199 ruinis

169 1234 235 1297 vici
262 1250 365 1315 pecus
389 1232 630 1315 propellentes,
654 1232 759 1314 'quid
782 1241 960 1309 cessarent,
979 1253 1054 1297 curu
1074 1236 1268 1317 permedia

169 1341 281 1399 castra
307 1331 464 1397 Romana
489 1339 565 1396 tuto
590 1350 686 1413 agere
708 1332 882 1415 possentl'
937 1334 1026 1399 Haec
1051 1354 1128 1398 curn
1153 1335 1266 1417 legato

138 1440 141 1449 ’
170 1434 308 1501 Caerites
329 1432 466 1515 quidum
483 1434 782 1516 interpretarentur,
804 1441 839 1498 et
859 1454 920 1517 per
941 1453 1057 1499 omnes
1076 1437 1268 1520 manipulos

169 1534 312 1599 rnilitum
332 1533 517 1615 indignatio
537 1534 652 1615 ingens
668 1540 772 1611 esset,
789 1552 850 1598 uec
863 1541 975 1599 tamen
989 1535 1117 1619 injussu
1134 1556 1269 1602 movere

170 1635 349 1714 auderent;
361 1642 385 1683 ¹⁷
403 1634 504 1718 jubet
517 1634 640 1718 peritos
655 1636 778 1718 linguae
794 1636 965 1700 attendere
981 1638 1139 1715 animum,
1152 1648 1270 1721 paste-

170 1754 243 1801 rum
258 1754 368 1800 sermo
387 1737 521 1817 agresti,
537 1755 579 1800 au
594 1738 731 1814 urbano,
744 1738 881 1821 propior
894 1736 1026 1804 esset-¹⁸
1069 1737 1155 1803 Gum
1170 1740 1270 1803 reler-

170 1844 255 1914 rent,
276 1857 393 1901 sonum
413 1836 535 1918 lingua
558 1843 592 1903 et
615 1856 790 1920 corporum
812 1838 961 1902 habitum
982 1845 1017 1901 et
1037 1840 1178 1903 nitorem
1200 1840 1272 1905 cul·

171 1938 267 2013 tiore,
290 1954 391 2019 quam
417 1937 615 2017 pastoralia,
640 1956 736 2017 esse;
762 1938 835 2002 ‘ite
860 1938 974 2019 igitur,
999 1937 1124 2015 dicite,’
1152 1940 1274 2022 iuquit,
1378 1923 1383 1938 ’

172 2038 350 2119 ‘delegant
371 2038 593 2121 nequicquam
616 2038 772 2101 conditas
787 2038 946 2102 insidias:
968 2039 1083 2102 omnia
1096 2039 1184 2103 scire
1199 2038 1273 2104 Ro·

170 2158 327 2218 manum
355 2157 419 2203 nec
448 2139 557 2220 magis
581 2138 659 2231 jam!
685 2138 763 2202 dolo
793 2138 884 2221 cupi,
909 2157 1011 2222 quarn
1040 2140 1142 2203 armis
1170 2140 1275 2218 vinci,

171 2240 298 2323 posse!
344 2240 433 2305 Haec
455 2241 514 2303 ubi
539 2240 655 2304 audita
676 2245 763 2316 sunt,
776 2246 812 2303 et
832 2239 877 2303 ad
893 2259 965 2316 eos,
980 2240 1039 2322 qui
1055 2238 1274 2303 consederant
1300 2272 1305 2283 ι

171 2344 205 2405 tu
220 2340 362 2419 insidiis,
377 2342 519 2424 perlata,
534 2344 783 2405 consurrectum
798 2348 936 2422 repente
949 2358 993 2403 ex
1008 2339 1145 2403 latebris
1160 2344 1223 2415 est,
1240 2346 1275 2403 et

172 2444 206 2509 in
222 2449 386 2524 patentem
402 2441 445 2505 ud
457 2447 675 2524 conspectum
691 2441 843 2524 undique
856 2460 1014 2524 campum
1025 2440 1160 2523 prolata
1169 2440 1273 2520 signa.

173 2542 262 2609 Visa
282 2544 393 2625 legato
414 2542 635 2625 majorentes,
652 2560 752 2623 qnam
768 2561 846 2625 qnae
861 2544 905 2605 ab
920 2560 984 2605 suo
999 2540 1160 2623 praesidio
1174 2542 1275 2606 susti·

173 2647 245 2709 ueri
269 2652 399 2729 posset.
443 2643 561 2725 Itaque
583 2660 723 2726 propere
747 2641 791 2707 ad
812 2642 1009 2706 dictatorem
1034 2641 1163 2705 auxilia
1185 2641 1276 2704 acci·

175 2753 244 2811 tum
258 2745 382 2809 mittit:
405 2745 531 2809 interea
544 2745 621 2826 ipse
635 2744 785 2824 impetus
799 2741 951 2806 bostium
965 2744 1123 2807 sustinet.

216 2848 250 2911 5.
274 2844 403 2910 Nuntio
425 2844 540 2921 allato,
556 2842 702 2907 dictator
722 2843 819 2923 signa
839 2842 930 2919 terri,
943 2860 984 2905 ec
1007 2842 1105 2924 sequi
1127 2849 1276 2905 armatos

171 2948 277 3032 jubet.
322 2945 390 3011 Sed
413 2946 571 3010 celeriora
592 2962 695 3027 prope
717 2943 832 3007 omnia
850 2943 991 3024 imperio
1007 2948 1115 3006 erunt.
1158 2935 1278 3025 Rupta

175 3048 349 3129 extemplo
371 3047 465 3128 signa
481 3063 659 3127 armaqu03
684 3049 717 3108 et
737 3045 796 3105 rix
817 3042 861 3105 ab
875 3042 1002 3124 impetu
1017 3049 1051 3104 et
1074 3058 1174 3104 cursu
1188 3048 1278 3105 tene-

174 3148 302 3213 bantur.
345 3146 431 3212 Cum
453 3148 505 3212 ira
524 3147 568 3211 ab
586 3149 729 3228 accepta
744 3162 853 3225 nuper
872 3141 967 3205 clade
985 3139 1191 3217 stimulabat,
1207 3146 1279 3204 tum

176 3250 376 3315 concitatior
389 3248 547 3313 accidens
560 3246 686 3311 clamor
701 3244 744 3308 ab
758 3242 965 3317 increscente
980 3238 1170 3305 certamine.
1213 3236 1278 3303 Ur·

177 3360 255 3435 gent
278 3356 393 3437 itaque
416 3335 480 3415 alii
501 3349 601 3426 alios,
625 3348 863 3427 hortanturque
891 3342 1080 3423 signiferos,
1103 3348 1144 3405 nt
1169 3360 1281 3425 ocyus

177 3462 267 3518 eant.
313 3450 393 3531 Quo
415 3452 524 3533 magis
543 3448 740 3515 testinantes
761 3442 888 3507 videt¹⁹
911 3444 1064 3520 dictator,
1089 3460 1131 3505 eo
1153 3441 1279 3525 irupeu·
1390 3524 1393 3533 Ι

178 3554 251 3617 sins
273 3556 411 3615 retentat
436 3566 565 3630 agmen,
591 3566 632 3611 ac
659 3547 784 3609 sensim
808 3543 963 3608 incedere
981 3542 1089 3626 jubet.
1144 3542 1280 3608 Etrusci

179 3657 302 3727 contra,
329 3650 492 3733 principio
522 3648 624 3711 exciti
654 3662 785 3728 pugnae,
809 3644 965 3708 omnibus
994 3643 1103 3727 copiis
1129 3642 1279 3708 aderaut.

180 3750 225 3815 Et
239 3769 342 3833 snper
357 3749 444 3813 alios
458 3748 517 3813 alii
532 3748 685 3812 enudant
699 3744 866 3822 dictatori,
877 3763 995 3809 omnes
1005 3744 1151 3825 legiones
1163 3741 1281 3804 Etrus·

181 3870 293 3917 corum
315 3849 505 3935 capessisse
524 3864 690 3932 pugnam
713 3864 774 3909 nec
791 3845 864 3929 jorn
887 3846 932 3909 ab
944 3845 1016 3907 suis
1029 3841 1141 3905 resisti
1155 3858 1278 3923 posse:

214 4199 246 4247 ld
263 4194 305 4244 ΑΙ.
320 4196 403 4257 receti,
414 4194 620 4257 querquea—lt
638 4190 736 4239 Morere
749 4203 775 4239 rr
789 4188 902 4237 raderent
913 4184 1029 4235 Gronov.
1038 4182 1147 4247 Donjut.
1163 4182 1278 4233 Crevier.

181 4260 246 4307 -le
264 4262 322 4309 Duo
334 4259 435 4308 Pallet
446 4258 521 4307 Vere.
537 4260 659 4319 panorm
667 4253 776 4317 remeent,
785 4250 878 4314 agredi
887 4264 918 4299 aa
933 4248 1023 4297 arture
1031 4262 1056 4311 p.
1068 4262 1089 4296 e.
1116 4247 1219 4297 'l'ertiur
1230 4264 1279 4297 rer·

182 4336 258 4371 nere.
