3150 4942
236 295 240 304 ¹
270 314 357 378 1056
740 328 775 376 τ.
797 326 893 374 nrvrr

271 475 371 556 igitur
391 470 567 548 comitiis,¹
592 487 668 534 curn
693 469 839 534 dictator
862 468 1058 550 magistratu
1081 468 1218 544 abisset,
1240 487 1295 532 res
1323 470 1371 534 orl

272 575 493 654 interregnum
516 571 625 636 rediit.
670 570 829 635 infestam
852 570 930 634 iude
944 569 1103 634 Patribus
1117 570 1249 652 plebem
1265 570 1374 633 iuter·

274 694 369 758 reges
393 693 469 738 oum
496 673 729 755 accepissoner
757 671 800 736 ad
827 671 1034 736 undecimum
1060 673 1252 752 interregem
1278 671 1375 734 sedi·

274 776 423 838 tionibus
447 779 607 838 certatum
626 779 689 836 cst.
733 771 834 853 legia
856 771 994 837 Licinias
1010 771 1231 854 patrocinium
1246 772 1374 836 tribuni

270 877 459 961 jactabant.
514 874 660 956 Propior
684 872 780 936 dolor
805 869 918 954 plebi¹¹
944 873 1081 937 smneris
1105 873 1374 954 ingravescentia

275 986 365 1044 erat:
391 995 548 1060 curaequo
572 977 713 1059 privatae
738 975 772 1036 in
795 974 1031 1040 certaminibus
1051 974 1198 1057 publicis
1219 994 1376 1057 erumpe·

276 1082 367 1145 bant.
411 1077 563 1156 Quorum
584 1076 689 1142 taedio
712 1075 832 1140 Patres
854 1074 893 1139 L.
909 1075 1099 1140 Cornelium
1114 1075 1308 1160 Scipionem
1323 1078 1377 1138 io-

278 1189 433 1263 terregem
455 1177 644 1242 concordiae
664 1177 776 1241 'causa
799 1178 978 1240 observare
996 1176 1102 1258 legero
1127 1176 1293 1242 Liciniam
1313 1189 1397 1242 co·'

277 1283 382 1347 mitiis
398 1279 626 1344 consularibus
638 1277 781 1360 jussere.
825 1275 867 1339 P.
880 1274 1021 1341 Valerio
1036 1275 1224 1342 Publicolas
1240 1278 1378 1343 datuse

278 1383 377 1467 plebe
403 1381 532 1463 collega
556 1379 595 1444 C.
619 1379 771 1444 Marcius
797 1376 971 1443 Rutulus·
1014 1375 1191 1441 inclinatio
1213 1380 1319 1443 semel
1340 1381 1379 1444 iu

281 1482 492 1546 concordiam
515 1481 647 1557 animis,
661 1481 740 1545 novi
763 1478 932 1554 consules,
945 1477 1132 1542 ioeuebrcm
1146 1497 1281 1562 quoque
1295 1499 1379 1557 rem,

255 1647 257 1652 ,
281 1603 357 1667 quae
382 1583 539 1646 distinere
560 1582 736 1646 unanimos
760 1580 955 1655 videbatur:
978 1579 1090 1645 levare
1110 1581 1268 1662 aggressi,
1283 1581 1380 1645 solu-

281 1686 404 1748 tionem
427 1682 526 1746 alieni
549 1684 625 1746 oeris
646 1682 680 1746 in
694 1682 863 1764 publicam
879 1698 994 1743 curam
1009 1686 1194 1759 uenerout3
1214 1683 1381 1765 quinque-

284 1786 365 1849 viris
391 1785 525 1860 creetis,
553 1803 639 1866 qnos
669 1783 855 1847 mensarios
880 1781 923 1844 ab
947 1780 1199 1862 dispensatione
1225 1783 1381 1863 pecumm

284 1881 513 1970 appellarunt.i
535 1952 538 1958 ,
557 1883 672 1950 Mariti
696 1885 860 1967 aequitate
882 1899 1031 1963 curaque
1052 1887 1142 1958 aunt,
1166 1891 1205 1944 nt
1226 1901 1285 1963 per
1308 1902 1383 1945 oro-

285 1989 375 2052 uinm
404 1985 572 2051 annalium
606 1992 817 2050 monumenta
850 1983 1000 2047 celebres
1033 1981 1225 2063 nominibus
1257 1992 1383 2046 essent.

318 2173 329 2204 r
348 2165 407 2211 Cum
417 2163 496 2225 itaque
506 2165 639 2224 interreges
650 2161 793 2210 inmittent
806 2160 908 2222 plebeio·
919 2160 1033 2209 Patribus
1044 2158 1157 2220 insessos.
1187 2135 1192 2148 ⁶

318 2234 329 2258 ⁷
346 2227 406 2282 Quoe
417 2227 528 2288 patricios
537 2230 560 2276 et
573 2226 682 2290 plebeios,
693 2229 770 2273 cetero
780 2227 912 2280 meorum,
922 2225 1047 2273 suetum
1056 2223 1196 2272 obnubere.

778 2351 887 2402 Nom

321 2457 334 2492 Ι
352 2451 505 2500 Prolctouclir
524 2451 602 2513 igitm
621 2449 735 2512 comitiis]
752 2447 817 2498 Dic·
858 2464 915 2498 rum
928 2449 1031 2514 quidem
1042 2458 1081 2498 ert
1094 2449 1128 2498 de
1138 2449 1177 2497 bie
1189 2447 1328 2502 mensarii«,
1340 2449 1388 2511 qni

290 2531 369 2579 rator,
380 2532 408 2572 ut
419 2521 819 2585 comitiacourulrriedifferret,
857 2539 926 2575 nane
947 2526 1030 2574 crearl
1048 2525 1170 2574 dicuutur
1187 2523 1257 2587 apuu
1277 2524 1390 2574 liviam.

290 2613 347 2662 qua
361 2597 445 2648 adbuc
460 2599 562 2649 norrnioi
579 2615 595 2647 e
611 2612 711 2648 sommo
726 2605 755 2648 et
773 2611 830 2660 pm.
857 2601 889 2650 Iu
901 2613 997 2664 genere
1013 2607 1100 2650 tamen
1111 2613 1200 2649 meum
1210 2599 1306 2662 duplex
1325 2599 1389 2663 fult,

290 2673 367 2722 triuio
396 2673 548 2735 magistratu
571 2673 661 2723 baberi
686 2671 725 2722 luo
753 2679 820 2733 erut,
860 2677 1001 2741 publicaret
1014 2678 1124 2739 privata·
1157 2676 1317 2728 Quimearm
1335 2677 1390 2741 pri·

291 2750 403 2811 eJnrarit
425 2749 589 2798 dictaturam.
631 2749 749 2798 Aberant
776 2762 820 2796 au·
861 2761 934 2801 sarm
954 2752 1089 2808 curabunt,
1107 2751 1157 2815 ipsi
1169 2766 1271 2816 qnoque
1287 2767 1392 2802 mensu-

292 2831 345 2873 tem
359 2824 392 2873 ub
408 2824 472 2873 urbe
489 2827 607 2874 consuler
618 2825 692 2875 belllr
703 2823 820 2874 distenti.
861 2828 902 2890 ril,
918 2836 947 2877 et
964 2827 1060 2878 Graeoe
1076 2829 1212 2890 trapezitae
1230 2827 1319 2877 earleru
1338 2829 1394 2891 rig·

293 2900 395 2952 Idcirco
419 2901 530 2950 eundum
556 2899 608 2950 fult
633 2900 666 2949 ml
695 2899 823 2961 interreg·
861 2903 1022 2966 nificatloae,
1033 2912 1061 2953 et
1071 2904 1243 2967 collybistae
1259 2913 1392 2966 permuta·

293 2991 363 3028 unm·
865 2979 935 3028 tione
953 2980 1071 3041 pecanire
1091 2985 1170 3043 utque
1188 2978 1391 3041 intertrimento,

327 3052 339 3086 ¹²
359 3054 459 3115 Propior
467 3055 532 3101 dolor
542 3053 615 3116 plebi]
635 3051 736 3115 Propior
745 3049 823 3100 eumi-
865 3055 958 3105 Latine
971 3055 1132 3102 urrrnrualurii
1149 3063 1177 3103 ut
1194 3056 1334 3118 argentarii
1354 3056 1393 3104 di-

296 3136 338 3175 tur
350 3141 397 3190 pro
409 3142 440 3176 ea
452 3141 478 3175 re
488 3141 546 3190 qum
558 3127 718 3190 conjunctior
729 3135 756 3174 et
767 3140 824 3175 arc·
865 3130 1000 3190 rebantur,
1023 3127 1091 3193 qnod
1109 3143 1204 3193 nempe
1219 3130 1393 3193 argentariam

297 3202 348 3252 tius
360 3202 450 3265 tangil.
480 3201 614 3252 Quomodo
628 3201 697 3265 apud
709 3200 765 3250 Cic.
777 3214 825 3263 pro
864 3219 979 3254 meorum
998 3211 1162 3268 exercerent,
1179 3205 1205 3254 id
1224 3214 1274 3262 ert,
1290 3205 1395 3270 ‹lepori-

296 3277 371 3330 Sext.
395 3277 538 3328 ‘Omnibus
558 3291 606 3328 rue
627 3278 748 3342 propiora
769 3291 826 3327 erre
867 3289 920 3329 tam
940 3281 1008 3342 apud
1027 3294 1055 3328 re
1076 3281 1234 3343 priuatorum
1257 3282 1393 3343 pecuniam

299 3355 424 3416 pericula.
432 3369 507 3419 quern
518 3355 619 3405 alienu.⁸
867 3359 1010 3409 servarent,
1022 3353 1065 3401 nbi
1077 3368 1141 3417 opus
1153 3362 1223 3402 earet
1235 3356 1395 3405 numeraturi

331 3428 347 3456 ⁴
364 3427 397 3478 A.
410 3429 443 3478 U.
456 3433 485 3478 G.
497 3433 555 3480 401.
867 3428 989 3477 mandute
1000 3428 1110 3478 domini:
1128 3438 1156 3478 et
1166 3429 1256 3479 borum
1266 3417 1397 3494 scriptura

332 3504 339 3536 ¹
358 3505 423 3559 Quor
444 3506 572 3552 menariae
671 3502 830 3568 appellarant]
867 3502 973 3559 fiebant,
991 3517 1055 3567 qum
1073 3503 1204 3552 literarum
1223 3505 1395 3568 obligationes

301 3579 377 3628 Inter
394 3579 441 3628 boa
460 3579 599 3629 mensarios
621 3588 649 3629 et
669 3580 829 3642 argentarios
868 3579 1041 3642 appellabant.
1074 3577 1290 3643 Pereorquippe
1305 3579 1395 3630 crede·

301 3654 438 3718 plurimum
460 3650 609 3701 interfuisse
631 3662 722 3703 censet
739 3653 828 3715 Sigon.
869 3652 1109 3715 bantnrpecnuiae,
1129 3653 1198 3717 iique
1216 3654 1269 3702 sire
1289 3669 1336 3715 pro
1357 3670 1395 3713 re,

303 3731 347 3780 lib.
359 3743 390 3778 rr.
409 3727 442 3776 de
457 3729 518 3790 jure
536 3727 630 3776 civium
646 3727 829 3791 Romanorum,
870 3728 924 3776 rire
944 3742 991 3791 pro
1010 3729 1066 3777 aliia
1085 3741 1113 3776 re
1136 3729 1264 3777 colurnros
1288 3730 1396 3792 recipie·

303 3821 328 3855 ο.
346 3809 385 3854 ll.
405 3819 419 3853 ι
439 3803 533 3852 Gorlel.
556 3802 690 3852 laudetur:
715 3804 784 3867 quod
803 3803 830 3850 bi
870 3802 949 3851 bant:
966 3803 1076 3873 ideoque
1093 3811 1167 3852 actua
1179 3805 1218 3852 rui
1229 3804 1342 3854 rationes
1356 3806 1396 3855 uli·

305 3881 424 3928 urenrurii
447 3879 576 3942 publicum
598 3880 723 3928 rationem
750 3876 831 3926 eonti-
871 3878 982 3938 ligentur
999 3877 1129 3927 conficere
1147 3877 1287 3943 debebant,
1304 3880 1397 3942 qulbus

305 3963 404 4017 nerent,
419 3954 561 4018 argentarii
577 3955 717 4017 privatam
735 3953 772 4002 illi
793 3951 830 4004 rei
871 3954 941 3999 ultro
951 3951 1166 4015 citroquedenrli‚
1177 3951 1330 4016 accipiendi,
1341 3969 1398 4002 cre·

306 4027 586 4094 nomrnarlepnblim
605 4030 630 4078 bi
648 4027 832 4093 negotiationis
871 4026 958 4080 uendi,
985 4025 1114 4089 obligandi
1141 4041 1227 4085 eanrr,
1253 4029 1398 4092 negotietlo

306 4108 423 4173 privetur,
436 4115 568 4156 curatores
581 4117 678 4158 errent.
701 4105 777 4160 uuor
790 4121 832 4156 re·
872 4099 1062 4153 continebatur.
