3150 4942
310 427 376 494 996
782 441 816 488 n.
840 439 934 487 nrvrr

311 603 436 659 norem,
448 583 503 666 qni
519 589 642 646 octona
652 581 747 646 loca⁸
763 579 900 644 tribunis
913 580 1055 644 militnm
1071 577 1226 643 creandis
1242 596 1422 661 occupare

311 685 400 750 soliti
422 684 510 748 sinti
536 690 570 746 et
591 683 633 747 ad
656 683 864 746 consulatum
887 681 977 757 riam
997 679 1065 743 fieri
1086 698 1260 762 passuros,
1276 681 1336 761 qni
1354 682 1420 749 trie

310 787 472 851 bunatnm
495 793 627 869 septum
652 790 720 849 tam
746 782 806 847 diu
831 783 1027 847 habuerint‘l
1072 782 1163 863 Lego
1189 781 1421 849 obtinendum

311 906 397 963 esse,
414 885 504 970 quod
527 885 673 949 comitiis
695 903 754 968 per
775 883 916 965 gratiam
936 887 1099 964 nequent;
1124 889 1158 944 at
1173 882 1420 962 seponendum

310 995 410 1050 extra
434 994 600 1050 certamen
626 985 767 1049 alterum
794 981 1014 1060 consulatum,
1040 983 1084 1047 ad
1114 1001 1212 1065 quem
1240 981 1334 1063 plebi
1364 984 1421 1048 sit

311 1086 435 1163 aditus,
459 1089 618 1170 quoniam
640 1087 673 1148 in
695 1085 879 1149 certamino
901 1081 1058 1148 relictush
1082 1082 1254 1166 praemium
1276 1102 1420 1164 semper

310 1187 513 1270 potentioris
535 1186 664 1250 futurus
687 1187 742 1249 sit.
788 1185 865 1250 Nec
879 1185 955 1267 'jam
977 1203 1080 1267 posse
1095 1184 1225 1261 dicito,
1240 1183 1331 1267 qnod
1349 1203 1418 1246 an·

310 1295 366 1356 teu
380 1287 510 1369 jactare
525 1287 614 1350 soliti
629 1287 706 1362 sint,
721 1304 786 1349 non
802 1303 879 1348 esse
894 1285 927 1346 in
944 1285 1084 1366 plebeiis
1099 1283 1240 1348 idoneos
1254 1285 1346 1347 viros
1363 1283 1417 1348 ad

311 1387 443 1450 curules
464 1388 688 1467 magistratus.
733 1385 907 1470 Numquid
931 1386 1018 1449 onim
1045 1385 1224 1449 socordius
1253 1389 1313 1448 aut
1334 1404 1417 1466 seg-

310 1485 385 1548 nius
407 1504 476 1550 rem
500 1487 668 1568 publicam
688 1487 914 1551 administrari
938 1493 1016 1567 post
1032 1486 1073 1550 P.
1089 1486 1212 1574 Licinii
1228 1482 1327 1548 Calvi
1349 1487 1416 1548 tri·

310 1586 483 1662 bunatunr,
499 1587 558 1670 qui
582 1589 707 1668 primus
729 1607 772 1651 ex
796 1587 892 1669 plebe
911 1592 1042 1650 oreatus
1064 1587 1127 1665 sit3
1149 1604 1247 1667 quam
1265 1605 1328 1666 per
1348 1605 1415 1670 eos

311 1705 418 1754 annos
442 1691 537 1766 gasin
561 1688 618 1763 sit,
644 1687 769 1771 quibus
795 1694 917 1769 preater
940 1687 1104 1770 patricios
1128 1705 1226 1750 nemo
1251 1687 1414 1756 tribunus

311 1785 452 1850 miiitum
477 1787 596 1851 fueriti
642 1788 734 1865 Quin
757 1795 873 1852 contra
896 1789 1057 1872 patricios
1080 1789 1208 1871 aliquot
1226 1788 1414 1852 damnatos

310 1893 389 1968 post
409 1887 620 1964 tribunatum,
633 1890 796 1952 neminem
817 1888 997 1970 plebeium.
1042 1887 1237 1967 Qnaentores
1252 1884 1414 1970 quoque„i
1458 1950 1461 1954 a

311 1985 401 2050 siout
420 1988 571 2052 tribunos
595 1989 746 2066 miiitum,
761 1989 880 2072 paucis
901 1994 974 2051 ante
990 1991 1087 2052 annis
1102 2009 1144 2052 ex
1163 1989 1258 2072 plebe
1273 1995 1411 2070 ooeptos

311 2087 415 2150 creari
426 2095 459 2150 :4
483 2107 543 2152 neo
560 2089 659 2153 ullius
674 2109 786 2154 eorum
802 2089 963 2172 populum
979 2088 1173 2154 Romanum
1194 2091 1410 2173 poenituisse.

769 2250 813 2271 on
816 2249 950 2270 ONNONO

311 2348 427 2397 Gronov.
440 2348 546 2411 Donjat.
558 2348 721 2398 caurien-t
740 2347 781 2397 ΑΙ.
792 2353 878 2411 eoeptea
887 2347 981 2396 errarit

809 2489 916 2541 NOTAE

310 2605 357 2657 rei,
376 2602 417 2650 rei
433 2601 486 2665 qaia
504 2603 617 2662 erederet,
633 2601 715 2667 (quod
735 2603 840 2667 Sigonio
877 2602 911 2651 air
929 2616 971 2652 an.
987 2605 1045 2652 ⁸48.
1065 2609 1145 2666 atque
1163 2601 1205 2650 iric
1222 2606 1306 2649 ataine
1322 2598 1408 2650 ferrae

308 2675 692 2743 placebat,)Gronor.cenaat.
723 2679 840 2728 Sierana
877 2692 997 2726 numeror
1015 2676 1074 2725 suit.
1109 2679 1167 2726 Nee
1189 2690 1251 2725 aero
1273 2676 1409 2739 ampliori·

310 2753 434 2814 expedita
446 2767 486 2802 rea
495 2755 553 2804 erit.
588 2753 645 2802 Ner.
662 2753 739 2815 magia
756 2753 840 2816 impii·
876 2755 976 2802 numeri
999 2752 1052 2802 ulia
1072 2753 1135 2802 aiibi
1156 2753 1276 2815 vestigia.
1317 2752 1408 2801 Qnare

311 2836 372 2876 eata
383 2827 524 2885 ridebitur,
536 2830 556 2877 ni
566 2829 631 2877 Tan.
646 2828 722 2876 Fabri
729 2829 839 2892 jndicio,
876 2831 945 2894 quod
964 2829 1007 2878 irie
1023 2829 1126 2889 dicitnr,
1135 2830 1251 2894 promia·
1260 2833 1344 2877 actm
1354 2831 1407 2877 ioca

312 2900 484 2953 transferatur
497 2903 677 2965 particulare.-
694 2904 748 2954 aior
765 2904 840 2968 quid?
875 2905 901 2952 in
911 2904 1269 2955 creandiatriiannianriiitnm
1277 2917 1407 2966 noeupare

310 2979 594 3028 credereaiaedaeiaair
605 2979 670 3027 incia.
703 2979 777 3028 ldeau
789 2981 839 3029 erit
877 2983 967 3033 nolitne
983 2997 1051 3038 erae,
1069 2981 1258 3032 emendandum
1272 2982 1310 3030 ita
1328 2991 1357 3030 nt
1367 2995 1405 3032 ae·

310 3055 469 3114 intellectui,
494 3054 527 3115 ai,
551 3055 606 3103 noia
629 3053 839 3117 interpnnctione
875 3059 1135 3108 mmaedbantnr.
1168 3055 1405 3110 Quaeniari'ronta

310 3137 419 3184 mutata,
430 3129 558 3190 legamus:
571 3129 627 3192 qaid
637 3132 773 3180 omnent?
782 3133 839 3180 dao-
875 3132 979 3182 aoienne
994 3147 1051 3182 eaae
1070 3148 1156 3182 oorarn
1176 3133 1297 3183 univerae
1308 3135 1405 3196 populo

311 3204 382 3252 barne
391 3205 417 3253 ia
427 3204 493 3266 ineu,
503 3207 545 3268 tre.
572 3203 677 3268 Alioqui
687 3205 749 3255 antia
761 3207 839 3268 plana
876 3206 1034 3258 affirmarent
1046 3209 1152 3268 tribuni,
1167 3207 1234 3271 qnod
1254 3208 1297 3256 rix
1314 3209 1406 3268 neraei,

310 3291 358 3341 per
369 3293 396 3328 ae
406 3285 447 3328 eat
456 3279 597 3339 aeuteutia,
608 3278 839 3343 plebeioaoredere
876 3297 908 3332 ee
918 3298 952 3332 ne
966 3285 1045 3334 neraei
1063 3282 1165 3347 quidem
1179 3281 1317 3344 eontigiaae
1333 3283 1404 3345 apud

310 3353 506 3420 haudquaquam
514 3355 610 3406 debere
621 3355 746 3416 futurum,
756 3365 785 3406 ut
795 3372 838 3420 pa·
875 3370 964 3407 omnen
974 3358 1124 3408 oonataretl
1140 3356 1201 3406 Vid.
1211 3359 1228 3405 i.
1240 3371 1268 3405 r.
1278 3372 1303 3408 e.
1315 3362 1339 3414 i.

312 3429 379 3478 trioii
391 3444 424 3479 ex
443 3429 539 3479 duobur
557 3431 688 3480 consulum
711 3431 773 3479 incia
793 3445 836 3494 pa·
907 3433 968 3482 ¹*ln
979 3433 1226 3498 eormredum]
1245 3433 1405 3484 Siennania·

311 3507 409 3555 tiantur
421 3507 489 3554 uitro
507 3519 584 3554 nuum
603 3506 707 3568 plebeio
718 3509 838 3570 cuiquam
876 3517 917 3557 tna
938 3510 1005 3558 inter
1021 3510 1209 3558 contendentes
1226 3509 1260 3558 de
1274 3524 1307 3558 eo
1324 3511 1405 3572 patri·

311 3583 449 3644 unigena
472 3583 520 3630 nini
540 3580 565 3630 id
583 3590 657 3632 certa
673 3583 838 3646 iegeeonrti·
875 3583 929 3632 cion
949 3593 977 3634 et
997 3582 1112 3647 plebeior
1131 3583 1292 3645 relinquatur
1314 3585 1405 3647 popuii

310 3655 496 3707 tutumfrrerit·
876 3659 994 3718 arbitrio,
1015 3672 1117 3721 nemper
1135 3660 1252 3722 patriciis
1281 3666 1404 3724 tanquam

344 3734 418 3782 Erae?
442 3731 483 3796 qui
499 3733 621 3782 crederent
639 3731 766 3795 danturne]
788 3732 838 3783 Le·
875 3732 1218 3796 potentioribnndet'eretnr.

311 3808 391 3873 gerion
408 3815 435 3857 et
455 3807 635 3856 diatinxerina:
652 3813 773 3856 arentem?
792 3809 839 3858 Ea·
907 3809 914 3843 ¹
932 3810 1069 3864 Quanam
1087 3809 1189 3872 qeoqae]
1210 3804 1251 3857 De
1268 3810 1403 3872 quaestori·

309 3899 363 3933 ειη
380 3885 421 3946 qui
438 3884 560 3932 crederent
578 3881 667 3930 dandae
680 3883 706 3931 in
723 3883 838 3945 iamne.
875 3883 924 3934 bna
946 3887 985 3936 rei
1006 3884 1159 3953 pecuniario
1180 3883 1351 3947 duplicandia,
1373 3892 1404 3934 nt

310 3959 418 4010 Minima
435 3966 507 4007 certe
525 3971 557 4007 eo
576 3956 653 4007 modo
671 3955 702 4006 iit
720 3959 838 4008 mutatio.
875 3963 927 4010 duo
946 3961 972 4009 in
991 3961 1055 4010 urire
1071 3959 1189 4008 erarium
1209 3960 1402 4019 curarent‚dno

309 4035 338 4084 J.
353 4033 466 4082 clericor.
875 4035 1023 4084 eouauiiinna
1041 4034 1164 4083 adeanent
1183 4034 1216 4088 ad
1236 4048 1289 4084 rem
1308 4035 1404 4084 milita·

341 4115 354 4150 a
371 4107 462 4154 Ocionn
472 4105 534 4168 ioco]
550 4106 630 4156 initio
648 4114 700 4156 trae
711 4106 839 4158 duntaxat
875 4125 938 4166 rem,
948 4116 1075 4159 certatum
1086 4108 1173 4158 inerat
1184 4110 1253 4158 inter
1261 4109 1362 4172 piebem
1374 4118 1404 4160 et

309 4181 467 4231 creabantur
478 4180 574 4229 tribuni
592 4183 839 4234 miiitumennnuiari
873 4187 995 4237 Senatum
1013 4201 1079 4236 anno
1092 4192 1149 4237 ⁸15.
1166 4188 1204 4236 nti
1221 4186 1267 4236 lib.
1285 4201 1323 4236 ιν.
1343 4201 1402 4250 eap.

310 4265 450 4324 potentate,
458 4255 551 4308 deinde
561 4265 681 4323 quatuor,
690 4267 780 4322 pontea
790 4273 837 4312 rea
873 4267 915 4315 tt.
925 4271 954 4314 et
961 4267 1002 4316 it.
1014 4262 1121 4317 dietum.
1142 4261 1219 4312 Anno
1230 4261 1333 4312 demum
1343 4265 1401 4316 tii.
