3150 4942
546 436 618 485 urs.
642 436 730 484 vrrr.
755 436 836 485 cnr.
858 422 914 485 35.
1189 425 1274 493 1183

177 580 374 645 dictatorem
401 577 568 651 insistunt,
602 585 638 644 ut
668 580 796 644 veniam
826 580 930 645 errori
956 579 1112 658 humano,
1143 582 1274 648 veniam

175 679 419 771 adolescentiae
436 678 479 757 Q.
494 679 592 743 Fabii
607 680 717 745 daret:
741 680 826 744 satis
840 698 917 743 euru
933 699 1108 763 poenarum
1123 682 1272 751 dedisse.

175 780 200 845 J
203 802 258 846 am
282 783 358 865 ipse
382 782 587 859 adolescens,
612 783 682 867 jam
709 791 808 864 pater
833 781 884 845 Μ.
907 782 1033 849 Fabius
1055 786 1275 851 contentionis

175 884 283 960 obliti,
299 886 513 966 procumbere
536 884 579 948 ad
603 903 712 966 genua
736 890 769 948 et
789 884 872 947 iram
898 885 1075 968 deprecari
1090 888 1273 952 dictatoris.

174 984 265 1048 Tum
279 984 437 1062 dictator,
453 986 586 1051 silentio
610 986 711 1063 iacto,
736 986 849 1049 ‘Bene
875 986 995 1064 habet:
1017 974 1140 1070 iuquit,
1165 986 1274 1065 ‘Qui-

174 1086 265 1150 rites.
309 1086 403 1150 Vicit
430 1086 610 1169 disciplina
635 1088 802 1164 militaris,
825 1088 908 1152 vicit
933 1090 1067 1171 imperii
1096 1088 1272 1172 majestas,

176 1206 252 1269 quae
266 1187 300 1250 in
315 1187 504 1252 discrimine
518 1189 660 1266 fuerunt,
673 1209 716 1252 au
733 1188 824 1253 ulla⁸
846 1201 928 1271 post
942 1190 1029 1254 banc
1042 1190 1129 1255 diem
1143 1196 1273 1254 essents

176 1285 256 1351 Nou
268 1306 370 1353 nexae
385 1290 547 1355 eximitur
561 1289 608 1368 Q.
625 1292 763 1367 Fabius,
777 1292 837 1374 qui
853 1297 968 1355 contra
991 1290 1139 1355 edictum
1163 1293 1269 1373 impe·

174 1389 298 1453 ratoris
326 1390 509 1471 pugnavit,
540 1390 609 1465 sed,
633 1409 733 1454 noxae
756 1390 949 1468 damnatus,
977 1390 1122 1455 donatur
1146 1392 1273 1474 populo

176 1487 374 1569 Romanor
403 1491 543 1555 donatur
569 1494 756 1557 tribuniciae
781 1494 953 1575 potestati,
983 1494 1182 1574 precarium,
1206 1513 1271 1557 non

169 1589 313 1673 justum,
329 1591 491 1656 auxilium
505 1592 642 1656 serenti!
673 1592 772 1669 Viva,
788 1591 833 1669 Q.
850 1594 950 1670 Fabi,
963 1593 1094 1659 felicior
1109 1594 1175 1658 boc
1192 1613 1270 1658 con·

175 1710 280 1755 seusu
296 1692 445 1757 civitatis
460 1694 504 1758 ad
519 1694 676 1759 tuendum
691 1701 734 1772 te,
751 1715 864 1777 quarn,
877 1714 945 1777 qua
964 1694 1068 1777 paulo
1082 1700 1162 1758 ante
1177 1697 1272 1760 exul-

174 1792 283 1870 tabas,
297 1793 449 1859 victoria.
492 1793 594 1872 Vive,
610 1795 644 1858 id
660 1795 792 1859 facinus
807 1814 925 1872 ausus,
948 1793 1047 1877 cujus
1069 1796 1129 1858 tibi
1151 1814 1192 1859 ue
1212 1815 1272 1879 pa-

174 1910 253 1957 rens
269 1894 417 1976 quidem,
434 1894 464 1959 si
480 1896 597 1961 eodem
611 1897 686 1960 loco
710 1896 840 1974 suisset,
866 1915 935 1979 quo
956 1896 1022 1959 fuit
1043 1895 1085 1959 L.
1101 1895 1273 1978 Papirius,

174 1995 305 2059 veniam
321 1986 482 2061 dedisset.
527 1996 674 2074 Mecum,
688 2007 728 2062 ut
750 1997 856 2075 uoles,
872 2001 1044 2063 reverteris
1063 2000 1099 2062 iu
1113 2000 1271 2079 gratiam:

174 2097 304 2179 populo
316 2096 481 2176 Romano,
498 2098 554 2161 cui
570 2099 673 2162 vitam
696 2098 814 2174 debes,
839 2097 922 2161 nibil
937 2098 1049 2181 majus
1065 2099 1274 2179 praestiteris,

175 2217 278 2281 quam
291 2198 323 2262 si
336 2197 392 2263 hic
405 2200 466 2263 tibi
482 2198 554 2263 dies
578 2198 664 2263 satis
680 2198 875 2264 documenti
890 2198 1030 2271 dederit,
1056 2204 1095 2262 ut
1117 2198 1206 2263 bello
1232 2218 1274 2262 ao

173 2318 260 2384 pace
273 2303 344 2383 pati
357 2302 505 2383 legitima
519 2302 661 2383 imperia
676 2300 812 2383 possis?
854 2298 942 2363 Cum
965 2319 1003 2362 se
1024 2300 1106 2363 nibil
1129 2300 1275 2363 morariu

174 2403 368 2484 magistrum
393 2401 544 2486 equitum
569 2403 837 2486 pronuntiasset,
862 2402 1078 2483 degressum⁹
1099 2420 1174 2465 eum
1189 2409 1274 2465 tem·

175 2503 260 2585 plo¹
280 2504 383 2569 laetus
398 2508 541 2583 senatus,
567 2504 677 2569 laetior
699 2504 860 2587 populus,
885 2501 1078 2566 circumfusi
1100 2522 1141 2566 ao
1165 2509 1273 2584 gratu-

176 2606 285 2670 lantes
314 2605 391 2668 binc
421 2606 583 2686 magistro
612 2606 772 2689 equitum,
803 2604 882 2668 binc
904 2604 1074 2683 dictatori,
1103 2608 1274 2687 prosecuti

176 2712 270 2772 sunt:
293 2705 524 2788 firmatumque
539 2707 713 2789 imperium
728 2707 869 2770 militare
890 2704 978 2770 baud
999 2708 1112 2770 minus
1128 2708 1274 2788 periculo

177 2809 223 2888 Q.
240 2807 348 2885 Fabii,
376 2826 474 2891 quam
489 2806 660 2889 supplicio
675 2807 857 2871 miserabili
872 2806 1095 2870 adolescentis
1111 2805 1275 2882 Manlii,¹⁰

209 2976 220 2999 r
237 2969 297 3024 Qua
315 2971 428 3016 veneunt
445 2966 471 3015 is
486 2966 626 3027 periculum,
636 2967 672 3014 its
682 2974 709 3014 st
720 2965 815 3014 dubium
825 2970 892 3020 esset,
902 2972 981 3015 strues
991 2968 1091 3030 amplias
1100 2973 1177 3015 essent
1188 2966 1273 3029 impos·

175 3037 252 3081 tsrsm
261 3046 423 3095 permansura.

207 3104 218 3129 ’
234 3095 284 3145 Per
293 3111 330 3144 me
341 3094 416 3145 Fabio
426 3108 473 3143 sos
483 3094 615 3143 remittitur
624 3092 732 3141 abcisis
741 3108 809 3155 poerrs
814 3108 825 3151 ,-
840 3094 889 3155 ssd,
899 3093 968 3156 qamt
978 3108 1033 3143 ress
1042 3092 1201 3153 meoiudicio,
1213 3096 1236 3139 st
1247 3105 1274 3139 sa

176 3161 269 3209 ιιοιιιίιιε
279 3162 413 3217 domnulus,
424 3159 568 3207 condonatur
584 3159 665 3219 populi
681 3156 797 3218 precibus.

210 3225 218 3255 ⁸
236 3224 291 3272 Noa
302 3222 408 3284 legitima
418 3222 584 3271 intercessisse
594 3221 653 3281 jure
667 3219 952 3283 potestatisiaterposs'tu,
968 3222 1011 3270 ssd
1024 3219 1272 3285 precibssssls'supssn

174 3288 252 3337 desti.

210 3452 226 3495 e
238 3454 246 3477 ¹
259 3449 294 3497 Ut
303 3450 368 3497 nulls
377 3447 435 3497 cod.
447 3460 512 3496 uuus
524 3460 556 3495 ex
569 3445 795 3509 interpretatione.
818 3446 967 3495 Verendum
983 3445 1051 3494 euim
1063 3451 1129 3507 erat,
1139 3458 1173 3493 ue
1185 3443 1272 3493 abole-

178 3510 286 3561 rentur.³
303 3512 446 3562 Strata-9
462 3511 504 3560 ΑΙ.
515 3511 722 3571 digressos-1⁰
738 3511 821 3559 ‘Van
831 3511 876 3560 lib.
890 3510 1026 3572 Fundit,
1036 3518 1124 3560 recte:
1137 3511 1273 3573 precessit

669 3654 778 3704 NOTAE

175 3756 215 3807 bis
227 3754 346 3806 viderent
356 3753 392 3805 its
401 3768 427 3803 re
436 3768 489 3802 reru
497 3751 602 3812 babere,
613 3758 641 3800 ot
652 3752 704 3799 aui·
745 3750 835 3815 Sigon.
857 3758 887 3800 ut
904 3750 948 3800 lib.
970 3764 1011 3799 ιν.
1034 3750 1164 3798 Tribunus
1180 3748 1271 3813 plebis,

178 3833 213 3882 rui
230 3832 343 3883 omnium
360 3844 410 3880 nou
428 3829 460 3878 ad
480 3826 615 3877 ferendum
632 3826 704 3889 judi·
745 3826 936 3890 ‘Sempronium
948 3826 1011 3875 nibil
1023 3822 1134 3874 mororz'
1145 3822 1182 3871 sic
1193 3821 1272 3869 daba-

176 3910 253 3973 rium,
265 3908 309 3959 sed
323 3907 355 3957 sd
365 3905 566 3969 interponendas
576 3918 622 3967 pro
632 3902 703 3968 equi·
745 3909 788 3953 tor
800 3916 844 3951 rso
855 3901 965 3951 abeundi
977 3898 1095 3948 incultas.

176 3994 229 4036 turn
242 3984 367 4047 magistro
385 3995 477 4045 preces
494 3978 702 4043 propendereun
776 3984 789 4009 ¹
805 3977 949 4037 Depressum
969 3971 1123 4035 [digressum]
1141 3986 1193 4019 sem
1212 3975 1272 4019 tem-

174 4072 334 4110 eommuneru
347 4059 413 4107 bruc
423 4056 585 4105 roluursruru
596 4054 703 4104 inclina·
742 4049 795 4113 plo]
811 4051 843 4100 Id
855 4058 906 4111 est,
916 4049 1016 4098 rostris.
1047 4046 1116 4095 Vide
1128 4062 1206 4109 supra
1214 4062 1272 4107 erp.

177 4140 271 4188 tionem
284 4137 332 4198 tpsi
341 4150 443 4202 quoque
454 4134 537 4183 securi
549 4138 618 4182 suut.
744 4130 784 4176 1⁴.
804 4126 832 4174 iu
849 4124 868 4176 i.
888 4126 1004 4175 Gronov.
1023 4122 1271 4184 reassumendam

209 4222 221 4245 ¹
236 4210 443 4273 Sesititmosuri]
463 4210 519 4258 lloc
532 4207 650 4271 loquendi
660 4220 703 4269 ge·
743 4215 829 4251 sensu.

175 4300 238 4338 nera
250 4301 308 4336 usos
328 4300 386 4336 cum
400 4285 574 4347 absolverent,
585 4283 704 4333 observat
