3150 4942
337 404 423 471 1268
816 419 851 467 r.
874 416 971 467 nrrrr

339 560 497 623 virtutem
512 560 545 625 in
562 558 732 641 snperbia,
746 558 782 621 in
796 554 950 633 audacia,
964 558 1000 620 in
1014 558 1183 623 contemtu
1193 554 1358 623 'Deorum
1379 556 1446 621 bo·

339 662 531 743 minnmqne
545 664 649 745 ponis.
693 660 766 741 Ego
782 666 827 735 te,
844 658 1060 741 Apclaudi,
1075 660 1250 741 prolatius
1266 660 1446 739 magistra·

340 769 392 825 tus
409 762 583 844 majestate
598 782 640 825 ae
655 760 860 833 verecundia,
873 778 971 842 quem
983 760 1129 839 gessisti,
1143 777 1207 822 non
1221 758 1329 823 modo
1342 778 1445 821 unu

339 862 510 938 violatum,
524 862 584 925 sed
603 880 645 924 ne
666 862 767 925 verbo
782 859 913 944 quidem
929 860 1166 924 inclementiori
1181 878 1204 923 a
1218 878 1272 921 me
1285 858 1445 941 appella·

340 972 409 1029 tum
433 963 571 1027 vellem:
594 962 654 1027 sed
670 973 705 1027 et
719 963 805 1037 baec,
816 981 893 1045 qum
915 961 1025 1025 adbuc
1038 961 1103 1042 egi,
1119 959 1316 1043 pervicacia
1330 966 1394 1023 tua
1412 965 1446 1022 et

340 1064 500 1145 superbia
522 1063 636 1145 coligit
659 1080 711 1126 me
733 1062 847 1145 loqui3
869 1067 914 1139 et,
931 1062 994 1126 nisi
1009 1061 1159 1125 AEmiliae
1182 1062 1250 1141 legi
1270 1061 1444 1143 parueris,

339 1163 374 1226 in
396 1164 529 1228 vincula
543 1166 618 1229 duci
631 1164 777 1247 jubebo;
800 1182 873 1241 nec,
889 1182 965 1228 cum
980 1165 1032 1227 ita
1045 1170 1281 1245 comparatum
1294 1181 1320 1224 a
1334 1162 1445 1243 majo-

339 1266 431 1328 ribus
446 1268 500 1341 sit,
515 1272 563 1343 ut,
578 1266 722 1329 comitiis
738 1265 899 1329 censoriis
911 1264 976 1327 nisi
990 1263 1057 1351 duo
1072 1263 1276 1327 confecerint
1288 1261 1444 1342 legitima

339 1363 507 1448 suffragia,
523 1386 586 1429 non
609 1366 795 1431 renuntiato
817 1364 921 1431 altero
941 1364 1081 1428 comitia
1095 1363 1299 1437 differantur,
1314 1382 1381 1444 ego
1395 1370 1442 1440 te,

339 1466 399 1548 qui
421 1468 515 1530 solus
534 1485 650 1531 censor
669 1466 772 1530 creari
788 1484 854 1528 non
867 1466 991 1547 possis,
1007 1464 1120 1527 solum
1134 1482 1312 1528 censuram
1326 1466 1443 1543 gerere

339 1565 470 1646 patiar!
517 1565 603 1629 Haec
619 1564 765 1648 taliaque
778 1583 856 1627 cnm
870 1564 1021 1640 dixisset,
1038 1563 1153 1646 prendi
1168 1582 1343 1627 censorem
1356 1572 1394 1629 et
1406 1565 1443 1627 in

340 1666 491 1729 vincula⁹
505 1666 582 1729 duci
592 1667 706 1747 jussit.
742 1664 1020 1747 Apprnbantibus
1029 1683 1092 1727 sex
1107 1661 1251 1727 tribunis
1264 1664 1442 1729 actionem

338 1766 489 1847 collegae,
504 1772 572 1831 tres
586 1766 771 1850 appellanti
787 1766 905 1848 Appio
920 1766 1049 1829 auxillo
1063 1765 1213 1844 fuerunt3
1236 1769 1441 1850 summaque

338 1866 465 1930 invidia
480 1868 622 1931 omnium
637 1867 788 1932 ordinum
801 1867 896 1930 eolus
911 1884 1081 1930 censuram
1097 1869 1215 1948 gessit.
1304 1920 1308 1928 .

380 1966 434 2033 35.
458 1968 547 2033 Dum
563 1988 605 2031 ea
619 1966 739 2032 Romae
756 1973 922 2048 geruntur,
944 1966 1018 2049 jam
1043 1968 1189 2032 Sutrium
1211 1970 1254 2033 ab
1279 1968 1440 2035 Etruscis

339 2070 556 2133 obsidebatur
570 2094 579 2144 3
602 2068 798 2151 consulique
814 2068 935 2145 Fabio,
961 2068 1038 2131 imis
1053 2070 1220 2133 montibus
1233 2071 1374 2135 docenti
1391 2072 1439 2135 ad

337 2170 504 2235 ferendam
532 2189 631 2252 openr
659 2170 764 2233 sociis
792 2168 1036 2251 tentandasque
1057 2171 1276 2247 munitiones,
1302 2173 1333 2234 si
1366 2192 1438 2254 qna

338 2276 467 2352 posset,
484 2272 575 2336 acies
589 2270 735 2334 bostium
745 2270 906 2333 instructa
916 2270 1071 2333 occurrit.
1109 2267 1259 2346 Quorum
1269 2272 1438 2353 ingentem

338 2371 580 2435 multitudinem
596 2390 671 2435 cum
688 2370 878 2435 ostenderet
893 2369 1048 2460 subjecta
1061 2372 1129 2435 late
1148 2370 1332 2452 planicies,
1354 2378 1436 2436 con-

337 2471 400 2548 sul,
415 2480 452 2535 ut
467 2472 544 2537 loco
560 2472 763 2555 paucitatem
779 2490 915 2536 suornm
931 2470 1115 2555 adjuvaret,
1134 2471 1241 2538 flectit
1256 2473 1435 2555 paululum

337 2572 370 2633 in
385 2572 491 2635 clivos
506 2591 645 2652 agmen;
667 2576 921 2657 (aspretaerant
935 2580 1039 2637 strata
1051 2574 1183 2652 saxis3)
1197 2574 1276 2638 inde
1287 2577 1385 2656 signa
1397 2576 1434 2639 in

336 2671 466 2735 hostem
488 2673 640 2737 obvertit.
684 2672 828 2751 Etrusci,
853 2674 1011 2753 omnium,
1036 2685 1260 2758 preterquam
1281 2674 1440 2741 multitu*

336 2771 422 2837 dinis
435 2792 519 2849 snae,
534 2792 600 2856 qna
614 2773 689 2839 sola
703 2774 779 2839 freti
794 2781 899 2853 erant,
914 2776 1132 2853 immemores,
1147 2776 1299 2859 praelium
1315 2777 1433 2843 ineunt

336 2873 423 2939 adeo
443 2875 567 2957 raptim
581 2883 615 2939 et
628 2876 738 2952 avide,
761 2883 809 2953 ut,
836 2877 977 2961 abjectis
990 2878 1183 2956 missilibus,
1206 2896 1275 2960 qno
1288 2878 1430 2944 celerius

335 2992 455 3046 manus
471 2983 689 3053 consererent,
705 2978 898 3060 stringerent
907 2978 1047 3061 gladios,
1061 2978 1226 3043 vadentes
1240 2978 1276 3042 in
1288 2979 1429 3046 bostem.

336 3073 514 3157 Romanus
528 3083 643 3141 contra
656 3096 743 3142 nunc
758 3080 835 3156 tela,
858 3099 948 3143 nnnc
963 3098 1062 3155 saxa,
1088 3078 1211 3163 quibus
1225 3099 1286 3144 eos
1300 3080 1428 3146 affatim

332 3176 429 3242 locus
444 3178 518 3261 ipse
533 3181 703 3256 armabat,
719 3179 876 3262 ingerere.
922 3180 1028 3263 igitur
1041 3188 1138 3246 scuta
1157 3182 1334 3265 galeaeque
1348 3184 1426 3247 ictas

335 3296 410 3341 cum
426 3280 538 3357 edam,
553 3299 642 3363 quos
656 3300 722 3346 non
733 3284 997 3358 vulneraverant,
1014 3284 1197 3361 turbarent,
1210 3282 1338 3368 (neque
1348 3285 1426 3347 snb-

334 3376 383 3441 ire
398 3385 469 3443 erat
483 3379 581 3445 facile
599 3382 642 3447 ad
662 3385 852 3466 propiorem
868 3402 1025 3466 pugnam,
1040 3400 1148 3466 neque
1165 3384 1309 3449 missilia
1323 3384 1424 3449 babe-

334 3478 427 3552 bant,
444 3481 566 3562 quibus
580 3485 708 3547 eminus
723 3503 791 3546 rem
803 3480 977 3565 gererent)
995 3490 1124 3547 stantes
1138 3491 1173 3548 et
1188 3485 1364 3568 expositos
1380 3486 1422 3549 ad

237 3606 241 3619 ·
333 3576 421 3641 ictus
437 3596 512 3641 curn
522 3581 595 3663 jam
611 3585 694 3646 eatis
717 3584 797 3648 nibil
820 3590 958 3665 tegeret,
984 3584 1151 3667 quosdam
1174 3586 1276 3648 etiam
1300 3585 1421 3667 mdem
1541 3607 1542 3670 ξ

332 3678 518 3755 referentes,
542 3680 825 3766 fluctuantemque
839 3691 910 3746 et¹0
932 3684 1118 3749 instabilem
1142 3686 1260 3760 aciem,
1282 3684 1422 3749 redinte-

331 3787 427 3861 grato
442 3780 599 3856 clamore,
616 3782 738 3844 strictis
754 3783 876 3862 gladiis
888 3784 1012 3848 hastati
1023 3789 1058 3847 ol
1068 3786 1236 3867 principes
1246 3785 1419 3849 invadunt.

332 3880 416 3945 Eum
432 3884 588 3965 impetum
603 3901 667 3945 non
683 3884 830 3947 tulerunt
852 3884 994 3959 Etrusci,
1019 3887 1186 3968 versisque
1209 3886 1324 3967 signis,
1344 3886 1420 3969 suga
1541 3899 1542 3914 ¹

331 4184 443 4233 Gronov.
456 4184 572 4235 Crevier.
584 4188 677 4236 all-9
693 4189 755 4241 Vct.
764 4191 811 4241 llb.
821 4190 890 4254 apud
902 4190 989 4255 Sigon.
998 4196 1021 4245 le
1031 4192 1058 4239 r'a
1068 4190 1169 4260 eluda

364 4250 395 4299 1⁰
412 4250 486 4311 vulg.
491 4249 722 4314 flmmwerqmt.
