3150 4942
308 396 393 463 1112
773 405 809 453 r.
832 406 929 454 ιιιιι

306 572 371 617 sua
399 568 497 615 mann
525 550 780 615 interemtorum.
824 548 881 625 Et,
905 562 1088 611 conuersus
1114 544 1157 609 ad
1183 546 1401 612 simulacrum

306 654 417 729 Jovis,
441 650 565 727 ‘Aaou
590 652 733 733 Jupiter,
756 650 832 714 haec
851 646 1001 725 scelera‚'
1026 647 1147 731 inquit,
1167 648 1314 725 ‘audita
1333 648 1403 713 Jus

307 755 455 838 Fasque.
499 754 697 833 Peregrinos
717 751 875 814 consules
898 757 935 813 et
958 750 1164 833 peregrinum
1187 756 1340 813 meatum
1364 751 1404 814 in

307 864 377 933 tuo,
387 855 532 937 Jupiter,
544 854 705 934 augurato
716 853 853 935 templo,
868 859 990 933 captus
999 856 1101 931 atque
1112 851 1189 932 ipse
1202 868 1406 933 oppressus,

306 960 439 1021 risurus
460 957 519 1021 est
565 954 730 1019 Haeccine
752 952 882 1019 loedcra
905 951 1023 1015 Tullus
1047 950 1221 1013 Romanus
1246 970 1305 1015 rex
1319 970 1400 1015 cum

307 1056 463 1133 Albanis,
476 1056 624 1137 patribus
638 1054 771 1130 vestris,
787 1052 907 1128 Latini,
922 1052 995 1115 hoec
1010 1051 1050 1115 Ιι.
1065 1050 1268 1133 Tarquinius
1281 1051 1400 1115 vobis-

307 1178 385 1221 cum
406 1164 524 1241 postea
544 1155 647 1220 lecitl
692 1154 773 1219 Nou
795 1154 942 1217 venitin
969 1158 1113 1215 mentem
1143 1157 1280 1233 pogna*
1306 1154 1402 1234 apud

310 1260 495 1340 Regillumr
517 1256 648 1321 lacumt
670 1254 756 1319 adeo
775 1264 810 1319 et
828 1254 970 1317 cladium
994 1258 1143 1316 veterum
1165 1258 1351 1315 vestrarum
1369 1260 1403 1315 et

309 1357 543 1421 beneficiorum
558 1362 748 1419 nostrornm
762 1372 918 1435 ergarus
931 1350 1030 1415 obliti
1044 1352 1128 1415 estis
1139 1350 1165 1414 t’

352 1458 385 1521 6.
406 1457 492 1521 Cum
522 1456 669 1521 consulis
697 1473 814 1518 vocem
842 1454 1024 1517 subsecuta
1052 1451 1191 1517 Petrum
1219 1451 1406 1533 indignatio

310 1566 412 1635 esset,
427 1557 576 1641 proditur
590 1557 767 1632 memoria,
782 1556 946 1619 adversus
965 1553 1113 1617 crebram
1129 1553 1405 1635 implorationem

309 1661 434 1735 Deum,
449 1676 533 1739 quos
554 1660 656 1721 testes
678 1656 840 1721 toedernm
860 1656 988 1737 saepius
1011 1654 1217 1719 invocabant
1237 1656 1406 1731 conmles,

310 1776 428 1821 vocem
451 1756 564 1833 Annii,
584 1757 766 1839 spernentis
788 1756 923 1819 numina
942 1754 1041 1819 loris
1064 1754 1221 1831 Romani,
1243 1755 1404 1822 auditam.

311 1858 425 1934 Certe,
447 1876 523 1921 cum
548 1863 736 1921 commotus
759 1857 870 1920 irase
896 1856 941 1919 ab
965 1855 1131 1919 vestibulo
1157 1856 1276 1939 templi
1298 1859 1405 1922 citato

310 1958 415 2039 gradu
431 1958 627 2040 proriperet,
642 1957 758 2039 lapsus
769 1976 830 2039 per
844 1956 978 2037 padus,
992 1957 1105 2038 capite
1115 1956 1259 2039 graviter
1268 1956 1405 2034 offenso,

311 2061 476 2141 impactus
500 2058 569 2121 imo
599 2058 649 2121 ita
674 2065 726 2120 est
750 2076 849 2133 saxo,
877 2064 915 2122 ut
943 2059 1123 2138 sopiretur.
1167 2058 1405 2123 Exanimatnm

311 2166 464 2224 auctores
487 2158 645 2241 quoniam
669 2175 735 2221 non
751 2177 865 2221 omnes
882 2165 971 2233 sunt,
986 2157 1068 2221 mihi
1082 2176 1217 2241 quoque
1229 2160 1264 2221 in
1276 2161 1406 2225 incerto

240 2239 245 2255 ¹
311 2259 461 2323 relictum
481 2261 569 2323 sitr·
603 2259 691 2321 sicut
714 2258 798 2321 inter
820 2257 984 2323 ioedernm
1003 2264 1175 2340 ruptorum
1195 2259 1407 2324 testationem

311 2361 439 2439 ingenti
454 2359 583 2440 fragore
598 2357 677 2421 coeli
694 2357 875 2438 procellam
885 2356 1034 2421 effusum.
1078 2357 1168 2421 Nam
1183 2364 1407 2437 arvernense,

311 2466 345 2522 et
372 2466 450 2540 apte
481 2458 524 2522 ad
550 2455 855 2538 repraesentandam
888 2458 969 2521 iram
1006 2456 1115 2521 Deum
1143 2456 1222 2523 ficta
1247 2470 1407 2541 possunt.

311 2558 515 2639 Torquatus,
529 2558 651 2619 missus
666 2554 710 2619 ab
726 2562 852 2634 senatu·
867 2555 912 2619 ad
928 2556 1144 2621 dimittendos
1165 2558 1307 2640 legatos,
1328 2578 1407 2624 curn

308 2658 478 2739 jacentem
495 2656 639 2721 Annium
662 2656 816 2732 vidisset,
830 2656 1011 2732 exclamat,
1023 2657 1074 2722 ita
1093 2665 1132 2723 ut
1152 2661 1284 2743 populo
1298 2661 1408 2725 Patri·

344 2843 356 2866 ¹
374 2836 414 2885 lto
426 2844 495 2899 repat
508 2836 554 2899 ipsi
565 2836 653 2885 illisam
663 2841 698 2885 ert
708 2838 740 2885 orl
750 2835 857 2900 infimam
867 2838 974 2900 inpiam
986 2845 1013 2887 st
1022 2853 1115 2890 mesra
1125 2843 1239 2892 enim.
1272 2844 1313 2893 Aa
1322 2844 1410 2894 aaa·

311 2900 522 3015 321:th
523 2900 595 3014 :zain
605 2916 620 2949 ιι
630 2914 666 2950 rue
676 2901 837 2964 ιιιίιιᾳιιιὲιιη
853 2902 963 2963 wien
972 2903 1010 2951 ita
1018 2905 1145 2965 scriptores
1159 2908 1233 2969 aliod
1249 2912 1408 2965 testimo·

769 3056 951 3079 oneum

311 3154 366 3263 lxr'gr
381 3152 479 3203 Roma!
497 3154 654 3218 nupera-t
671 3156 773 3209 (luerit
789 3157 817 3208 J.
839 3158 868 3207 ι’.
888 3157 1003 3208 Gronov.
1023 3172 1107 3209 annon
1121 3142 1225 3225 maai
1258 3161 1318 3212 virt.
1339 3164 1407 3213 Not.

804 3298 910 3350 NOTAE

343 3396 354 3421 r
372 3389 457 3451 l'rgnrr
468 3393 529 3454 apsel
546 3392 678 3457 Regillum]
693 3394 838 3445 Commissa
875 3394 928 3442 rin.
938 3396 980 3443 75.
992 3394 1076 3447 ‘Quiri
1088 3396 1136 3447 tibi
1147 3397 1173 3446 in
1183 3405 1297 3449 mentem
1309 3401 1408 3450 venit?

311 3462 344 3509 ul
365 3464 447 3513 lacurn
466 3467 521 3529 ejus
539 3468 648 3517 nominis
666 3482 708 3517 an.
725 3474 783 3518 ιιι.
802 3469 838 3517 de
875 3467 998 3531 Agnosco
1015 3479 1102 3521 tamen
1115 3473 1185 3523 ieter
1200 3474 1259 3525 hcc
1276 3475 1406 3525 ‹lireru

312 3538 637 3599 qrratib.1r.c.19.et2⁰.
672 3544 837 3608 Porroqood
876 3544 1233 3609 nonnihilrignifieationem.
1269 3550 1336 3599 Nam
1347 3565 1405 3601 curn

310 3610 353 3659 hie
382 3613 475 3675 errarit
495 3615 610 3666 Gronov.
632 3632 716 3668 annon
734 3626 838 3682 pugnat
876 3621 1037 3671 nominativo
1051 3624 1178 3685 cogitatio
1194 3624 1321 3676 duntaxat
1337 3627 1404 3675 indi·

311 3686 385 3735 virleo
398 3688 467 3750 apud
481 3689 536 3739 Cic.
554 3688 597 3738 ‘ln
609 3698 719 3741 mentem
733 3693 836 3743 renire'
877 3702 962 3758 eatur,
971 3703 1002 3746 ut
1012 3698 1044 3745 de
1056 3697 1153 3763 Arnsp.
1165 3714 1235 3764 resp.
1246 3706 1286 3751 56.
1298 3702 1348 3752 nini
1359 3716 1406 3752 ex·

310 3776 360 3809 non
381 3763 462 3811 minus
476 3764 596 3826 junctum
609 3780 666 3815 enm
679 3767 836 3832 nominandi,
876 3770 998 3821 latitantia
1016 3774 1063 3835 illi,
1081 3775 1148 3825 hane
1165 3778 1325 3829 avenione:
1340 3778 1404 3829 ciri·

310 3853 384 3899 qnam
394 3838 462 3901 qurod
475 3840 517 3889 itte
529 3842 652 3904 exemplis
664 3844 766 3908 probat,
777 3859 835 3895 cunr
877 3848 938 3896 tatis
949 3848 974 3896 in
984 3857 1099 3899 mentem
1109 3850 1204 3907 sabito,
1216 3866 1266 3902 nec
1277 3855 1404 3917 cogitanti

312 3914 433 3973 giguendi
458 3929 528 3976 casn,
553 3929 584 3966 ιι.
604 3916 637 3965 de
666 3919 729 3968 Nat.
753 3920 834 3972 Deor.
877 3923 1111 3991 renirepotuissess
1143 3926 1208 3976 Cum
1225 3930 1341 3991 genitivo
1358 3944 1404 3979 an·

309 3988 392 4035 ‘Haec
411 3990 473 4039 mitri
495 3992 521 4041 in
544 3999 654 4043 mentem
676 3994 835 4047 vertentur:
875 4005 929 4047 tem
941 3999 1072 4051 indicatur
1083 4003 1224 4065 praeterite
1236 4006 1274 4054 rei
1286 4004 1404 4056 neoris·

310 4062 374 4107 Tum
394 4064 425 4109 nd
444 4064 501 4115 Au.
520 4068 565 4117 lib.
578 4081 630 4117 ιιι.
641 4084 665 4120 c.
676 4074 717 4121 86.
742 4072 834 4122 ‘Num
874 4073 921 4122 tio.
938 4076 1023 4137 Epist.
1034 4077 1078 4126 tib.
1089 4091 1138 4127 ιιι.
1148 4093 1190 4142 ep.
1201 4084 1226 4128 ι.
1243 4079 1402 4130 ‘Miltiaolet

311 4150 383 4197 quiam
396 4150 427 4184 ea
440 4152 480 4187 res
492 4142 551 4189 milri
568 4150 619 4192 tam
635 4144 703 4195 belle
719 4146 745 4196 in
762 4162 833 4197 merr-
873 4149 900 4198 in
922 4159 1036 4201 merrtem
1059 4154 1147 4202 venire
1168 4153 1236 4204 itlius
1259 4155 1402 4219 temporis!

311 4216 362 4257 tem
374 4210 464 4262 venire
475 4214 619 4276 potuisset.¹
652 4220 686 4269 lit
702 4233 733 4273 ιι.
744 4222 777 4271 de
788 4222 834 4272 Di·
873 4225 982 4291 Supple,
993 4227 1126 4281 memoria.
