3150 4942
355 456 441 522 1356
824 470 860 520 τ.
885 465 981 517 nrum

350 615 527 698 iniquitate
542 614 621 691 loci,
636 612 746 678 t'uudit
761 613 929 697 fugatque.
974 612 1020 692 Q.
1037 614 1175 692 Fabius,
1189 614 1423 680 Decianoerer·

351 721 421 784 citu
441 719 557 781 relicto
572 718 604 781 in
621 716 766 794 Etruria,
791 718 863 780 suis
878 716 1066 799 legionibus
1080 716 1235 781 deductis
1251 717 1296 781 ud
1310 717 1425 790 Urbem,

349 822 392 884 de
407 819 516 884 Gallis
533 819 747 901 Etruscisque
762 838 803 883 ac
825 819 1033 882 Samnitibus
1048 821 1275 901 triumphavit.
1317 818 1424 881 Milites

347 924 600 1004 triumphantem
615 922 722 984 secuti
733 928 819 985 sunt.
857 918 1035 983 Celebrate
1050 920 1234 984 inconditis
1246 922 1424 985 carminibus

348 1023 549 1087 militaribus
573 1039 639 1083 uon
657 1022 762 1103 magis
778 1020 919 1083 victoria
937 1018 981 1097 Q.
997 1020 1107 1096 Fabii,
1130 1042 1232 1104 quam
1255 1041 1344 1086 mors
1356 1042 1425 1104 pue·

348 1124 442 1189 clara
454 1124 494 1188 Ρ.
508 1124 602 1186 Decii
614 1128 682 1186 est:
695 1122 910 1204 excitataque
920 1122 1082 1185 memoria
1096 1125 1261 1205 parentis,
1277 1131 1423 1205 aequata¹³

349 1232 468 1291 eventu
484 1225 622 1309 publico
639 1225 836 1307 privatoque
855 1223 915 1286 tilii
932 1223 1117 1287 laudibus.y
1161 1225 1255 1288 Data
1271 1245 1315 1289 ex
1334 1224 1425 1307 prada

347 1328 510 1392 militibus
525 1327 601 1390 aeris
617 1324 772 1405 octogeni
787 1325 884 1399 binis
906 1343 1058 1407 sagaque
1082 1331 1116 1389 et
1137 1328 1288 1405 tunicoe3
1309 1326 1423 1409 premia

346 1428 405 1492 illa
420 1433 623 1509 tempestate
637 1425 767 1489 militiae
780 1422 1038 1507 haudquaquam
1053 1426 1268 1507 spernenda-⁸

390 1528 444 1592 31.
466 1528 534 1591 His
549 1528 597 1591 ita
610 1528 710 1590 rebus
725 1526 843 1607 gestis,
855 1543 919 1588 nec
930 1525 964 1588 in
980 1524 1188 1591 Samnitibus
1203 1526 1326 1604 adbuc,
1336 1526 1424 1589 necin

348 1630 483 1694 Etruria
505 1648 574 1711 pax
588 1634 669 1691 erut.
714 1628 816 1703 Nam,
832 1635 868 1690 et
883 1627 1054 1691 Perusinis
1069 1629 1278 1705 auctoribus,
1293 1639 1368 1712 post
1379 1625 1424 1688 de-

347 1732 481 1795 ductum
494 1730 537 1793 ab
553 1730 688 1793 consule
704 1729 892 1793 exercitum
907 1727 1106 1792 rebellatum
1118 1729 1246 1811 fuerut3
1267 1727 1423 1794 etSamni·

345 1838 398 1897 tes
411 1832 598 1915 proedntnm
616 1832 650 1894 in
663 1851 777 1913 agrum
792 1830 976 1895 Vescinum
992 1830 1286 1916 Formianumque,
1300 1840 1334 1897 et
1346 1838 1422 1914 parte

347 1934 415 1998 alia
438 1934 471 1997 in
489 1932 727 2008 AEserninum,·
748 1938 928 2014 quaeqoe¹⁴
945 1930 1111 1996 Vulturno
1130 1932 1287 2015 adjacent
1304 1932 1422 2005 damini,

345 2034 555 2099 descendere.
601 2032 773 2097 Adversus
797 2051 857 2094 eos
879 2031 945 2113 Ap.
961 2031 1125 2096 Claudius
1147 2040 1278 2116 praetor
1294 2052 1422 2098 cumer-

344 2136 448 2199 ercitu
463 2135 616 2200 Deciano
629 2134 761 2197 missus.
801 2133 930 2197 Fabius
944 2134 979 2196 in
994 2134 1127 2198 Etruria
1138 2136 1319 2201 rebellante
1329 2136 1422 2199 denuo

344 2242 488 2320 quatuor
510 2236 615 2300 millia
635 2244 670 2299 et
692 2235 891 2317 quingentos
913 2233 1169 2299 Perusianomm
1184 2237 1330 2301 occidit:
1351 2237 1422 2318 oepit

345 2336 388 2400 ad
416 2336 508 2400 mille
537 2337 763 2420 septingentos
790 2332 1031 2416 quadragintae
1065 2338 1123 2417 qui
1153 2336 1294 2401 redemti
1320 2335 1421 2417 singuli

344 2438 421 2502 aeris
445 2440 599 2503 trecentis
622 2434 762 2502 decem.'’
805 2433 929 2499 Praeda
951 2435 1020 2501 alia
1043 2438 1152 2501 omnis
1173 2438 1339 2502 militibus
1358 2456 1420 2501 cou-

801 2612 979 2634 eumenen

342 2730 456 2789 draginta
466 2728 616 2777 aridia-12
631 2729 690 2777 Vox
701 2730 782 2778 durem
792 2743 842 2778 neu
854 2736 896 2778 eat
906 2730 933 2778 iu
952 2730 1084 2795 plerisque
1100 2730 1174 2781 libris
1190 2736 1322 2785 vett-lt
1338 2733 1420 2794 Iaegm·

343 2795 404 2843 dnm
417 2802 502 2843 monet
515 2794 580 2841 Tan.
593 2792 678 2841 Faber
689 2794 797 2854 aquatic.

376 2863 406 2907 lt
425 2858 464 2905 ΑΙ.
486 2858 648 2917 Bremenium,
669 2857 840 2912 AEaeraiacma,
858 2857 1018 2906 Etenim
1050 2858 1175 2922 ‘Quaque
1190 2873 1237 2923 pro
1255 2861 1325 2923 vulg.
1341 2872 1419 2923 qma

341 2923 445 2985 optimis
458 2922 521 2969 Mus.
533 2920 620 2983 recepi
632 2921 751 2984 exemplo
759 2922 876 2971 Crevier.
884 2929 912 2971 et
919 2922 1019 2973 Stroth.
1050 2922 1126 2971 Idem
1134 2925 1175 2972 vel
1185 2940 1232 2987 qna
1245 2926 1338 2985 afflaret
1347 2926 1418 2987 tegm-

836 3066 943 3117 ΝΟΜ

374 3182 507 3243 rAEqaata
524 3183 608 3227 euentu
622 3179 715 3241 guttim
731 3177 870 3241 priuatoque
908 3180 966 3227 lent
984 3179 1084 3228 libellus
1101 3185 1212 3229 moneta
1229 3180 1337 3230 Gallica
1351 3177 1418 3229 ferme
1513 3235 1514 3240 ¹

334 3254 388 3319 stru·
399 3252 518 3317 laudidus]
527 3253 603 3305 Quod
612 3254 678 3303 Tan.
688 3253 773 3303 Faber
781 3255 869 3317 legen·
910 3260 953 3303 55.

342 3331 402 3379 dum
415 3336 490 3392 putat
500 3330 609 3391 oeqsmir,
627 3330 691 3378 nibil
706 3336 746 3378 eut
763 3344 870 3377 necesse
942 3336 954 3363 ⁸
971 3330 1046 3379 Parte
1055 3330 1104 3379 alia
1115 3330 1142 3379 ia
1152 3330 1319 3393 AErminan]
1336 3329 1417 3379 Samnii

341 3406 476 3467 quicquam
488 3405 580 3453 urutari
598 3411 697 3467 pratea
711 3404 869 3467 manuscrip·
910 3405 970 3454 urbs
992 3406 1111 3455 AEsernis
1133 3406 1165 3456 ud
1186 3408 1278 3456 laram
1297 3406 1416 3455 Vulturni:

340 3477 868 3544 rarnmtidem:eademqueseutentiaest3
909 3494 978 3529 nnnc
1006 3482 1106 3530 Iunia.
1146 3483 1211 3545 Ejus
1232 3488 1317 3532 tamen
1343 3494 1416 3542 agrum

340 3554 474 3604 tamenim
489 3556 585 3617 aeqrmri
597 3556 719 3605 dicuutur
730 3558 868 3618 anteriora,
906 3570 973 3605 nunc
993 3556 1123 3605 Samnites
1140 3558 1307 3623 populantur,
1323 3556 1392 3621 qnod,
1405 3568 1417 3599 ⁸

230 3664 235 3673 -
340 3629 871 3692 autetiammajora,posterioriburetmi·
907 3632 1221 3695 Romanisauteacuptu,
1236 3635 1263 3682 in
1274 3646 1358 3683 eorum
1367 3630 1416 3679 diti·

342 3708 457 3763 neribus,
469 3720 544 3770 quem
557 3713 664 3754 contra:
683 3714 713 3755 ut
729 3714 736 3734 ¹
748 3705 867 3769 aeqnnre’
906 3720 955 3754 one
967 3714 1045 3755 esset.

341 3792 459 3833 sumatur
469 3795 516 3845 pro
528 3794 688 3842 comparare.
937 3778 950 3814 δ
965 3782 1033 3830 AEria
1048 3784 1159 3833 arceatis
1177 3785 1266 3848 decem]
1282 3783 1345 3832 AEriu
1359 3778 1414 3829 seili-

372 3871 383 3917 t
401 3860 470 3909 AEria
480 3859 587 3921 octogeni
599 3858 660 3921 tini]
677 3856 784 3919 supple,
793 3854 866 3904 utra-
906 3862 948 3904 cet
961 3856 1057 3918 gravia,
1071 3858 1147 3921 quale
1161 3866 1222 3907 tune
1233 3860 1258 3907 ia
1270 3871 1326 3921 usu,
1343 3854 1366 3905 id
1375 3860 1415 3910 eu,

338 3936 479 3997 terreamini,
491 3937 539 3984 troc
550 3938 638 3984 erist.
655 3932 727 4001 librae
741 3930 864 3981 Romanae
905 3939 992 3980 nostra
1011 3933 1184 3982 estimatione
1204 3935 1279 3998 pnrrlo
1297 3934 1351 3997 plns
1367 3930 1414 3978 mu·

341 4011 409 4059 reric.
425 4010 451 4057 J.
466 4010 580 4058 clericare.
905 4007 949 4055 lib.

371 4094 380 4116 2
391 4083 497 4133 Praemia
506 4082 715 4147 haudquaquam
725 4081 866 4144 samma]
937 4084 1005 4131 AEria
1016 4084 1127 4133 trecentis
1140 4084 1230 4147 decem]
1250 4084 1306 4134 lloc
1316 4088 1363 4141 eat,
1371 4086 1415 4125 tre-

339 4160 418 4210 Asses
430 4161 512 4210 adbuc
522 4161 625 4209 librales
636 4168 718 4209 eram.
750 4162 811 4208 Due
820 4174 863 4208 an·
904 4160 987 4208 centis
994 4159 1086 4209 decem
1094 4162 1203 4209 urrurmis
1213 4162 1285 4210 areis
1292 4153 1414 4209 tinnulas.

339 4244 390 4284 tem
407 4250 485 4297 surpra
503 4238 636 4297 octogiuta
654 4237 711 4284 aeris
731 4235 804 4283 librae
822 4248 862 4284 ae·
901 4236 929 4285 J.
943 4237 1057 4285 cratem.

337 4308 449 4358 cundum
463 4310 681 4371 computationem
692 4318 805 4359 uestrum
818 4323 861 4356 ra-
