3150 4942
572 452 646 502 nin.
671 450 727 499 rx.
750 448 832 500 our.
855 435 910 501 10.
1190 436 1279 505 1215

228 600 283 663 10.
306 594 416 663 Movit
441 596 559 661 Patres
581 596 790 678 conscriptos
819 602 886 661 tum
911 614 1026 675 causa,
1049 602 1123 661 tum
1146 604 1279 681 auctor;

187 718 250 763 nec
265 706 397 765 ceteros
412 698 532 773 solum,
549 696 609 762 aed
630 697 780 763 tribunos
792 698 893 761 etiam
909 697 1051 781 plebei,⁸
1071 705 1109 764 ut
1124 718 1161 763 se
1175 700 1211 763 in
1226 720 1281 765 aa·

187 806 287 865 natus
308 801 454 864 dicerent
478 798 550 863 iore
576 803 785 881 potestate.¹⁷
830 796 1031 881 Magistrum
1054 799 1133 864 inde
1156 818 1193 864 ee
1220 818 1278 864 ex-

187 902 311 985 templo
327 900 575 976 abdicaverunt,
589 900 765 981 traditique
778 899 950 964 fetialibus
963 920 1039 965 cnm
1054 901 1175 966 ceteris
1186 900 1278 965 'Gan-

185 1002 279 1065 dium
294 1001 450 1065 ducendi.
496 1000 575 1065 Hoc
596 1000 684 1064 tacto
707 1002 1023 1079 senatusconsulto,
1047 1002 1108 1065 lux
1122 1002 1280 1085 quaedam

185 1101 350 1165 affulsisse
366 1101 496 1165 civitati
512 1101 587 1164 visa
604 1108 665 1165 est.
688 1094 693 1103 '
710 1098 909 1165 Postumius
922 1102 955 1165 in
978 1120 1037 1166 ore
1049 1108 1122 1166 erat
1135 1102 1180 1181 3¹⁸
1202 1120 1281 1167 eum

185 1202 343 1267 laudibus
356 1202 400 1267 ad
416 1203 539 1267 coelnm
558 1201 727 1265 serebant:
750 1201 923 1266 devotioni
945 1202 986 1266 P·
1003 1204 1100 1267 Decii
1121 1204 1282 1281 consulis,

186 1303 262 1367 aliis
291 1301 389 1367 claris
418 1301 620 1365 facinoribus
646 1302 839 1384 aequabant.
883 1302 1087 1367 ‘Emeraiese
1109 1304 1281 1369 civitatem

186 1422 230 1468 ex
243 1404 392 1467 obnoxia
406 1401 516 1485 pace*
536 1402 626 1467 illins
652 1402 796 1467 consilio
822 1409 856 1467 et
877 1422 998 1486 opera:
1020 1407 1130 1487 ipsum
1155 1423 1192 1468 se
1207 1424 1282 1469 cru·

187 1505 329 1569 ciatibua
349 1512 381 1569 et
395 1505 537 1569 bostium
552 1505 611 1569 irae
625 1504 749 1582 offerre,
775 1505 977 1588 piaculaque
993 1524 1054 1589 pro
1069 1506 1196 1588 populo
1210 1503 1281 1570 Ro·

186 1626 286 1671 mano
301 1604 400 1671 dare!
411 1614 436 1657 ¹⁹
479 1604 585 1670 Arma
599 1606 712 1670 cuncti
727 1612 883 1689 spectant
904 1615 940 1671 et
954 1608 1093 1673 bellum.
1138 1606 1210 1670 ‘En
1220 1626 1281 1671 un·

186 1726 288 1789 quam
302 1708 458 1783 futurum,
470 1712 517 1772 :ut
535 1708 689 1790 congredi
713 1710 851 1774 armatis
875 1728 950 1774 enm
975 1709 1128 1775 Samnite
1142 1708 1282 1773 liceatt'

186 1809 225 1873 In
248 1811 396 1887 civitate,
418 1811 467 1873 ira
492 1806 638 1893 odioque
661 1810 807 1887 ardente,
834 1810 985 1875 delectus
1009 1830 1115 1894 prope
1131 1811 1280 1874 omnium

186 1912 445 1975 voluntariorum
472 1911 543 1975 suit
588 1910 777 1993 Rescriptae
805 1930 848 1975 ex
863 1911 982 1975 eodem
1002 1911 1107 1976 milite
1119 1896 1217 1976 novae
1232 1913 1281 1976 ie·

184 2013 309 2093 ginnas,
335 2012 523 2096 ductusque
540 2011 583 2075 ad
596 2011 766 2085 'Caudium
790 2012 984 2075 exercitus?
1003 2000 1007 2005 ’
1027 2012 1209 2089 Praegressi
1231 2011 1280 2074 ie-

183 2114 294 2189 tiales,
310 2114 367 2177 ubi
381 2113 423 2177 ad
438 2122 565 2196 portam
581 2132 713 2190 venere,
734 2118 862 2177 vestem
878 2113 1008 2176 detrahi
1031 2113 1128 2196 pacis
1143 2130 1279 2195 sponso·

185 2216 276 2279 ribus
286 2216 418 2298 jubent,¹
439 2234 557 2279 manus
578 2222 660 2295 poet
678 2222 810 2295 tergum
834 2213 963 2277 vinciri.
1006 2212 1092 2276 Cum
1108 2213 1280 2295 apparitor

185 2317 385 2381 verecundia
401 2317 586 2399 maiestatis
602 2314 817 2379 Postumium
830 2314 910 2377 laxe
924 2314 1073 2390 vinciret,
1096 2311 1208 2389 ‘Quin
1220 2311 1280 2390 tu,’

184 2418 301 2500 inquit,
312 2422 323 2450 ‘
335 2416 475 2481 adducis
497 2418 615 2493 iorum,
631 2423 668 2480 ut
676 2415 771 2499 justa
785 2414 845 2479 tiat
859 2414 983 2479 deditio
991 2412 1016 2476 't’
1058 2414 1157 2490 Tum,
1173 2413 1231 2477 ubi
1244 2413 1280 2476 in

185 2525 310 2583 coetum
338 2518 537 2584 Samnitium
559 2522 592 2582 et
615 2518 657 2582 ad
681 2516 828 2582 tribunal
852 2523 984 2579 rentum
1010 2515 1124 2579 Pontii
1146 2506 1207 2590 est,
1232 2511 1278 2578 A.

185 2617 358 2684 Cornelius
384 2618 512 2684 Arvina
537 2618 664 2683 fetialis
688 2618 736 2681 ita
758 2617 864 2681 verba
882 2616 981 2680 fecit:
1007 2614 1282 2698 ‘Quandoquew

183 2719 257 2783 hice
273 2720 425 2785 homines
440 2720 570 2805 injussu
586 2719 706 2803 populi
732 2718 878 2782 Romani
902 2715 1084 2795 Qniritium
1104 2715 1215 2779 ioedus
1229 2717 1278 2781 ic-

186 2827 257 2883 tum
280 2821 320 2884 iri
341 2820 602 2903 spoponderunt,
628 2826 726 2901 atque
757 2819 803 2881 ob
826 2835 900 2881 eam
924 2836 994 2880 rem
1013 2835 1136 2879 noxum
1159 2834 1277 2879 nocne-

184 2925 278 3000 runt;
291 2920 325 2959 ¹¹³
347 2922 391 2985 ob
406 2939 480 2985 eam
496 2940 575 2998 rem,
592 2940 659 3003 quo
674 2920 823 3003 populns
846 2918 1022 2982 Romanus
1036 2915 1160 2980 scelere
1173 2916 1278 2997 impio

217 3096 230 3129 ⁸
250 3098 337 3149 Urbem
347 3099 446 3148 eandm
455 3112 487 3149 ec
496 3100 607 3161 degunt
617 3112 646 3148 cc
655 3096 916 3163 murmuratione.

166 3382 177 3403 ο
218 3364 248 3410 lt
265 3360 334 3409 Flor.
345 3359 432 3409 Helm.
444 3358 519 3409 ron.
531 3360 603 3409 Rott.
613 3361 830 3421 potestatem—18
845 3358 906 3407 Vct.
917 3356 961 3405 lib.
971 3354 1040 3419 apud
1053 3356 1139 3419 Sigon.
1150 3354 1176 3402 ia
1185 3368 1280 3403 orem

185 3424 250 3475 aiunt
261 3428 388 3475 erut-itt
404 3424 472 3475 Dure
483 3424 589 3473 Romano
600 3423 715 3473 Gronov.
722 3421 833 3483 Doujat.
842 3421 1023 3471 ctetica-ao
1040 3420 1117 3483 Vulg.
1127 3418 1279 3481 Quandoqui-

623 3564 635 3597 “·
681 3566 785 3617 ΝΟΤΙΕ

216 3693 226 3717 ¹
243 3684 292 3733 Rei
301 3682 361 3732 tatia
371 3680 506 3745 benamu]
522 3678 644 3743 Intellige
654 3692 710 3729 reor
750 3679 905 3730 tententiaor
917 3676 1081 3742 requendum,
1092 3682 1146 3725 tam
1154 3676 1281 3736 tributor,

183 3756 362 3823 promittendi,
384 3755 409 3805 id
429 3763 480 3819 eat,
496 3754 629 3804 debitores
646 3754 710 3803 tatia
751 3762 780 3804 ut
795 3770 824 3804 re
843 3752 1004 3817 rubjieerent
1024 3759 1128 3800 tenatur
1146 3748 1280 3813 potestati,

181 3836 298 3897 idoneor,
309 3836 432 3897 quantum
445 3829 477 3878 ad
489 3844 532 3879 eor
544 3830 683 3879 attinebat.
751 3846 781 3881 ac
793 3830 926 3880 tribunatu
938 3826 1105 3879 excederent.

215 3919 227 3945 ¹
243 3911 394 3959 Nacratem
404 3906 487 3965 nbat,
498 3906 539 3953 red
550 3904 657 3953 tribanos
666 3904 710 3953 eti·
783 3907 799 3935 ¹
815 3905 848 3954 Α.
859 3906 891 3954 U.
903 3904 934 3953 C.
943 3906 1001 3951 tat.

182 4002 220 4035 om
238 3984 313 4048 ptati]
336 3984 411 4032 Licet
432 3996 448 4029 a
472 3980 594 4029 Patribus
615 3978 712 4029 diverti
784 3981 797 4015 't
825 3982 922 4028 Nom
940 3974 1083 4037 mmm]
1107 3974 1195 4035 Sigon.
1215 3988 1279 4023 coxa

182 4060 291 4120 tribuni,
311 4067 399 4107 tamea
418 4058 442 4105 irr
460 4062 551 4105 renutu
568 4062 659 4117 erant;
675 4056 713 4105 ita
752 4060 894 4112 amn
905 4049 1279 4115 quodensetcniparuedaru·

183 4142 213 4185 ut
223 4134 285 4183 vetit
297 4133 405 4195 Auctor,
417 4132 534 4181 oratioue
545 4131 673 4182 Postumii
685 4136 713 4179 et
754 4144 815 4181 num
827 4126 963 4176 dederunt.
986 4123 1039 4173 Sed
1050 4126 1157 4173 ‘noxam
1169 4121 1281 4172 nocere'

184 4225 261 4258 caum
272 4209 382 4271 prrbiicu.
396 4207 526 4267 utilitatis,
538 4216 590 4257 turn
603 4215 713 4269 ceteros,
754 4203 847 4271 priscis
865 4200 965 4264 legibue
983 4214 1034 4248 nou
1055 4206 1096 4249 ert
1113 4200 1277 4260 incognitum,

183 4286 392 4351 quiintercrant,
413 4292 495 4333 motos
514 4282 592 4335 tuiare
611 4283 713 4345 adejur
755 4295 812 4344 pro,
832 4291 924 4327 uouaru
946 4273 1053 4325 inferre.
1096 4273 1128 4323 ln
1148 4274 1176 4324 1,
1193 4274 1278 4337 pretia
