3150 4942
309 404 394 471 1272
779 418 813 467 u.
837 418 929 468 nrvrr
1015 446 1019 451 «

310 582 433 646 capere
458 562 576 627 consul
601 562 723 628 milites
741 563 856 644 jubet;
879 563 1044 646 praecipit,
1068 571 1109 626 ut
1136 563 1171 627 iu
1200 562 1302 628 armis
1328 566 1407 639 sint,

310 684 521 747 quacumque
536 664 603 729 diei
617 666 765 730 noctisve
783 665 863 728 hora
877 666 1006 746 siguum
1019 664 1160 728 dederit.
1203 661 1334 727 Paucis
1346 667 1410 728 mi·

309 764 384 829 lites
399 764 591 846 alloquitur,
613 764 810 829 Samnitium
827 763 916 827 bella
929 763 1077 840 extollit,
1099 764 1210 828 elevat
1224 762 1408 830 Etruscos:

311 871 399 931 ‘uec
414 866 543 929 hostem
558 867 658 941 hosti,
681 884 744 927 uec
770 864 1012 927 multitudinem
1037 864 1242 928 multitudini
1268 884 1410 947 eompa-

309 966 461 1032 raudam'
483 968 530 1030 ait
549 972 659 1029 ‘esse
704 964 871 1029 Praeterea
892 965 995 1028 telum
1019 963 1111 1028 aliud
1128 966 1319 1029 oecultumb
1343 968 1410 1031 sci·

309 1074 402 1133 turos
415 1069 448 1131 in
463 1074 529 1143 tem
534 1084 628 1149 pore:
642 1065 767 1129 interea
779 1066 882 1128 taceri
896 1082 983 1145 opus
995 1062 1095 1127 esse?
1127 1064 1195 1127 His
1207 1066 1412 1147 ambagibus

309 1169 408 1254 prodi
432 1167 610 1233 simulabat
633 1167 758 1241 hostes,
781 1183 850 1247 quo
873 1166 1005 1227 animus
1028 1165 1171 1229 militnm
1195 1167 1412 1233 multitudine

309 1270 445 1335 territus
468 1270 706 1333 restitueretur:
732 1272 778 1343 et,
800 1265 892 1347 qnod
914 1264 989 1328 cine
1012 1268 1220 1331 munimento
1246 1268 1411 1332 consede-

310 1378 419 1451 rant,¹⁵
442 1370 655 1435 verisimilius
679 1374 760 1443 erat,
788 1366 879 1449 qnod
904 1364 1137 1430 simulabatur.
1181 1366 1304 1432 Gurati
1328 1370 1409 1434 cibo

310 1492 453 1557 corpora
478 1472 581 1555 quieti
604 1468 695 1543 dant,
725 1475 760 1532 et
781 1475 903 1551 quarta
928 1466 997 1531 iere
1022 1469 1137 1550 vigilia
1163 1470 1236 1532 siue
1261 1472 1412 1535 tumultu

311 1575 451 1641 excitati
470 1590 561 1637 arma
580 1570 728 1653 capiunt.
772 1567 931 1633 Dolabrm
954 1568 1127 1633 calonibus
1148 1570 1346 1636 dividuntur
1369 1575 1413 1637 ad

314 1677 437 1743 vallnrn
446 1666 1081 1756 proruendumiossasqneimplendas!
1103 1671 1414 1739 lutramuuimenta

311 1776 486 1842 instruitur
500 1772 612 1836 acies:
635 1769 774 1833 delectae
798 1767 953 1833 cobortes
969 1768 1193 1852 adportatum
1208 1773 1328 1838 exitus
1343 1776 1413 1839 eol·

311 1878 472 1943 locentur.
515 1872 606 1937 Dato
622 1869 741 1934 deiude
755 1870 850 1951 siguo
865 1870 969 1952 paulo
990 1879 1067 1935 ante
1089 1871 1210 1951 lucem,
1233 1875 1329 1956 quod
1346 1894 1413 1939 aes-

310 1968 395 2043 tiuis
410 1972 565 2040 noctibus
579 1972 703 2053 sopitae
718 1971 867 2034 maxime
882 1971 1009 2053 quietis
1030 1979 1161 2055 tempus
1180 1982 1244 2051 est,
1269 1984 1413 2057 proruto

313 2078 404 2145 vallo
428 2074 539 2157 erupit
563 2074 673 2137 acies:
705 2077 829 2135 stratos
854 2072 982 2154 passim
1004 2072 1134 2138 invadit
1157 2074 1292 2139 trustes:
1322 2077 1412 2141 alios

311 2178 513 2253 immobiles,
527 2174 614 2239 aiios
628 2172 850 2237 semisomnos
871 2173 905 2235 iu
931 2174 1100 2237 cubilibus
1124 2174 1205 2251 suis,
1225 2178 1410 2243 maximam

312 2288 441 2364 partem
454 2277 496 2342 ad
512 2294 605 2340 arma
619 2273 847 2357 trepidantes,t
860 2272 974 2337 caedes
989 2274 1170 2356 oppressit.
1213 2274 1343 2342 Paucis
1358 2298 1412 2343 ar·

312 2378 425 2445 mandi
440 2397 476 2441 se
491 2376 604 2439 datum
619 2373 766 2456 spatium
789 2378 853 2437 est.
897 2372 967 2436 Eos
988 2374 1094 2456 ipsos,
1114 2394 1180 2438 non
1194 2376 1325 2457 siguum
1339 2399 1410 2443 cer-

314 2488 394 2557 tum,
411 2498 478 2542 nou
492 2476 612 2540 ducem
627 2478 818 2557 sequentes,
833 2472 944 2538 fundit
958 2472 1143 2553 Romanus,
1157 2475 1289 2558 fugatos
1304 2498 1412 2562 eques

193 2594 200 2609 ·
312 2574 562 2663 Ῑιιιιειιιιιιίιιιι.16
606 2573 662 2637 Ad
692 2578 817 2647 eastra,
846 2574 890 2638 ad
918 2575 1034 2657 sylvas
1062 2575 1186 2639 diversi
1216 2577 1410 2644 tendebant

313 2681 428 2765 Sylvoe
454 2678 559 2741 tutius
587 2674 707 2738 dedere
735 2674 908 2756 refugium.
961 2676 1051 2743 Nam
1076 2684 1188 2741 castra
1215 2678 1249 2740 iu
1274 2686 1412 2763 eampis

313 2783 378 2848 sita
401 2778 523 2844 'eodem
551 2775 605 2839 dio
631 2774 818 2857 capiuntur.
862 2776 990 2841 Aumm
1018 2786 1253 2862 argentumque
1273 2782 1409 2863 jussum

313 2882 425 2947 reterri
448 2880 491 2943 ad
516 2874 704 2941 consulem:
727 2881 835 2939 cetera
849 2877 964 2960 prreda
979 2878 1092 2941 militis
1107 2877 1183 2942 fuit.
1225 2879 1328 2945 Oresa
1350 2890 1412 2948 ant

315 2989 418 3067 capta
442 2998 485 3079 eo
510 2978 565 3043 die
591 2976 738 3039 hostium
766 2976 872 3041 millia
899 2978 942 3042 ad
971 2978 1171 3060 sexaginta?
1222 2980 1307 3043 Eam
1337 2993 1410 3051 tam

343 3175 359 3219 s
374 3176 442 3227 later
452 3176 515 3224 linos
523 3172 658 3222 distribute
667 3178 724 3221 suat
734 3174 816 3233 eseia,
824 3173 875 3223 rior
884 3186 984 3229 mres.
993 3174 1024 3225 cd
1040 3173 1221 3222 exxindeadur
1230 3172 1328 3234 salba,
1338 3178 1363 3220 et
1378 3174 1409 3221 n·-

313 3255 393 3303 goaes.
410 3254 438 3288 ac
453 3239 522 3302 pulo,
537 3238 630 3299 «linque
645 3234 758 3295 <imnodi
773 3236 940 3294 instrumento,
957 3239 990 3285 od
1006 3239 1154 3300 mioniae
1162 3236 1242 3296 sum
1259 3237 1412 3298 propriam

312 3308 478 3431 ωιωῖιᾪάι
487 3365 517 3413 ad
527 3377 594 3413 uma
603 3364 716 3426 cupienda
726 3369 831 3414 ruentes.

315 3586 498 3637 Cretica-1⁵
516 3586 602 3635 Ι1·’1ιιι.
623 3586 774 3635 studiosus
793 3598 882 3633 omues
900 3598 962 3635 vero
979 3584 1146 3636 onerem!
1162 3585 1191 3638 J·
1209 3585 1238 3636 ἲ.
1258 3586 1410 3639 Gronov..

316 3654 349 3701 ld
366 3650 443 3715 Vulg.
449 3648 550 3711 sapatm
555 3649 711 3711 persequitur.

809 3759 916 3811 Nom

346 3857 359 3893 b
375 3858 456 3907 Tolera
465 3856 533 3907 aliud
541 3854 668 3919 molliam]
689 3855 782 3905 'l'elurn
793 3854 839 3904 ali·
880 3863 926 3906 net
943 3856 1072 3920 adagium,
1086 3856 1095 3883 ⁴
1106 3856 1197 3921 ingena
1207 3858 1288 3907 telum
1298 3860 1408 3909 ιιεωιιί-

315 3932 418 3997 quandu
440 3930 615 3994 metaphorice
643 3928 770 3994 accipitur
793 3944 841 3994 pro
880 3931 940 3982 tm)
956 3932 1408 3997 unbauranamma-mm.

315 4006 357 4056 ria
367 4014 395 4056 et
408 4007 507 4057 ratione
518 4006 554 4056 rei
574 4004 703 4070 gerenda,
721 4010 751 4054 ut
769 4004 841 4068 apud
880 4006 940 4057 Hoc
951 4006 1009 4057 loeo
1021 4007 1117 4057 Fabius
1130 4009 1174 4057 teti
1186 4008 1290 4057 nomine
1300 4010 1407 4073 intelligi

315 4084 372 4133 cic.
382 4084 414 4132 de
427 4082 527 4132 Aurio-⁸
542 4084 601 4133 Nec
611 4082 741 4131 nrediocre
761 4084 841 4133 telam
881 4082 986 4132 volebat
1003 4090 1160 4145 strategum
1177 4083 1291 4147 aliquod,
1306 4092 1350 4132 ιιι
1360 4098 1409 4145 po-

316 4156 348 4205 ad
369 4170 409 4205 ree
427 4156 554 4219 gerendae
570 4158 718 4207 existimare
736 4164 842 4221 oportet
881 4163 932 4209 tina
944 4156 1131 4224 proditionem:
1146 4156 1408 4222 ququffsreaaw.

315 4230 641 4285 διιιιιιιιιιιιιὶιιιοΙιΙιιιιι.ι
659 4232 748 4298 quue
759 4233 841 4296 perti·
914 4232 926 4256 ⁰
942 4233 976 4283 Α.
987 4233 1022 4282 U.
1032 4233 1129 4282 (λιιι.
