3150 4942
223 418 227 427 ·
303 396 389 465 13⁷⁰
774 401 806 448 u.
831 399 923 449 trun

303 551 419 619 andern
439 553 559 615 ceuutn
581 548 814 629 apparatuque
835 540 927 609 omui
947 539 1121 624 opulentia
1143 538 1325 623 insignium
1348 560 1402 607 nrb

303 670 432 719 merum
455 648 580 713 bellum
605 647 867 725 adornaveruut3
886 651 922 708 et
948 642 1098 707 Deorum
1128 643 1229 706 etiarn
1253 642 1404 706 adbibu-

303 759 395 819 erant
414 768 512 835 opes,
526 750 592 815 ritu
607 747 753 831 quedam
772 744 973 811 mouumenti
987 748 1122 807 vetusto
1144 743 1234 809 uelut
1253 744 1405 809 initiatis

303 853 479 931 militibus,
499 849 630 916 delectu
657 868 717 932 per
742 867 839 913 omna
861 845 1031 911 Samnium
1052 845 1169 909 babitu
1189 864 1280 909 ueva
1299 845 1403 927 lage:

304 962 357 1031 ut,
371 954 428 1037 qui
446 949 615 1037 juniorum
635 968 703 1015 uun
726 947 939 1013 convenisset
959 944 1004 1011 ud
1028 946 1281 1028 imperatorium
1306 946 1402 1009 edic·

304 1058 387 1131 tum,
401 1050 526 1137 quique
540 1050 670 1135 injussu
692 1049 827 1125 abisset,
845 1052 949 1130 caput
968 1044 1049 1112 vai
1071 1052 1241 1111 sacratum
1256 1043 1404 1111 esset¹⁵i

304 1154 393 1221 Tum
406 1152 575 1219 exercitus
589 1152 694 1216 omnis
715 1149 930 1233 Aquiloniam
948 1154 1004 1213 est
1028 1145 1196 1213 indictus¹¹
1238 1148 1296 1213 Ad
1317 1168 1404 1233 qna·

304 1253 454 1335 draginta
468 1252 576 1317 millia
589 1250 744 1327 rnilitum,
758 1247 848 1333 quud
863 1248 995 1313 roboria
1017 1248 1053 1312 iu
1068 1248 1205 1317 Samnio
1217 1258 1300 1330 crat,
1316 1268 1402 1315 ceu-

303 1358 475 1422 venerunt.
518 1352 571 1419 Ibi
585 1351 707 1417 mediis
721 1351 788 1415 iere
802 1348 921 1415 castris
934 1349 1094 1415 lcuusest
1103 1357 1284 1434 conseptus
1297 1353 1398 1417 crati·

304 1454 369 1523 bus
383 1452 582 1537 pluteisque,
598 1458 632 1518 ct
648 1451 758 1517 linteis
773 1450 974 1529 contectue,⁸
994 1457 1114 1533 pateus
1127 1450 1290 1518 ducentos
1303 1472 1403 1518 max·

304 1554 370 1619 ime
393 1553 498 1636 pedes
520 1554 554 1615 iu
574 1570 691 1617 omnes
711 1552 836 1635 pariter
860 1558 984 1633 partes.
1025 1548 1081 1615 Ibi
1105 1570 1151 1616 ex
1171 1552 1256 1617 libre
1282 1560 1402 1619 vetere

303 1652 407 1721 liuten
421 1652 508 1717 lecte
531 1650 775 1729 sacrificatum:
796 1650 970 1717 sacerdote
989 1651 1077 1719 Ovio
1095 1652 1216 1719 Pectic
1234 1655 1401 1737 quedam,

304 1750 437 1817 bomine
450 1770 570 1834 magne
583 1758 675 1829 nutu,
690 1753 749 1835 qui
772 1770 809 1815 se
823 1750 859 1815 id
874 1770 1006 1816 sacrum
1021 1759 1136 1835 petere
1149 1752 1343 1819 affirmabat
1356 1776 1401 1821 ex

303 1858 432 1919 vetusta
452 1851 651 1918 Samnitium
674 1850 850 1937 religieue;
881 1872 950 1934 qua
976 1853 1142 1936 quendum
1169 1855 1223 1919 nsi
1250 1856 1402 1939 majores

304 1972 418 2019 eurum
432 1952 584 2029 fuissent,
599 1972 675 2018 cnm
690 1952 877 2020 adimendas
892 1953 1043 2019 Etruscis
1066 1952 1195 2038 Cnpuae
1217 1954 1401 2020 clandesti-

304 2072 382 2118 num
395 2055 564 2138 cepissent
579 2052 764 2118 consilium.
809 2050 984 2118 Sacrificio
992 2054 1149 2137 perfecto,
1163 2074 1225 2137 per
1236 2054 1399 2120 viatorem

303 2152 487 2235 imperatur
517 2153 618 2218 acciri
642 2152 786 2237 jubebat
808 2152 1054 2218 nobilissimum
1085 2172 1250 2241 quemque
1278 2175 1399 2235 genere

303 2251 482 2338 factisque.
525 2252 653 2336 Singuli
677 2252 980 2319 introducebantur.
1023 2252 1105 2317 Erat
1127 2254 1312 2319 cumatius
1336 2274 1400 2339 ap-

302 2358 441 2435 paratus
468 2352 565 2430 sacri,
595 2353 654 2437 qni
678 2352 876 2437 perfundere
900 2350 1059 2433 religione
1087 2354 1232 2419 uuimnrn
1260 2364 1401 2438 possen

303 2462 374 2525 turn
389 2452 425 2517 in
441 2452 517 2517 locu
532 2452 624 2519 circa
638 2454 727 2519 omni
743 2456 900 2519 contecto
914 2471 980 2518 arca
991 2450 1017 2492 ¹⁶
1038 2454 1072 2519 in
1086 2455 1224 2530 medio!
1236 2456 1398 2521 victimar-

303 2572 370 2637 que
387 2552 478 2617 circa
493 2571 606 2629 carsae,
619 2560 654 2617 et
678 2554 931 2617 circumstantes
953 2553 1166 2618 centuriones
1188 2556 1313 2619 strictis
1323 2558 1398 2641 gin·

302 2652 378 2715 diis.
406 2647 662 2714 Admovcbatur
673 2651 835 2716 altaribus
844 2652 955 2731 miles,
964 2654 1071 2734 magis
1082 2661 1121 2717 ut
1132 2654 1281 2733 victima,
1293 2675 1395 2738 quarn

301 2755 341 2815 nt
355 2748 444 2815 sacri
457 2748 646 2833 particeps:
669 2748 930 2837 adigebaturque
951 2752 1027 2836 jure
1047 2752 1203 2837 jurando,
1227 2774 1305 2837 quae
1319 2758 1397 2823 vise

300 2938 1398 3067 qjffissfflmmmmmmm’ffi*

211 3116 217 3125 ,
300 3074 344 3179 ω·
360 3066 398 3115 Ee
408 3068 435 3116 in
445 3068 503 3131 icco,
513 3082 544 3118 ex
558 3070 697 3131 proscripto
707 3070 796 3121 seem
806 3070 864 3121 libri
873 3072 943 3158 tiatea'
952 3072 993 3135 gui
1008 3074 1084 3124 tecture
1092 3080 1138 3133 cet,
1146 3077 1244 3137 suctu
1252 3077 1398 3143 arpa-

334 3434 365 3479 tt
382 3430 443 3480 vid.
455 3432 518 3484 Not.
529 3432 643 3485 int-lb
659 3436 735 3488 Vett.
747 3439 808 3489 edd.
818 3444 938 3491 mutan
946 3443 1072 3492 erm-16
1088 3440 1182 3491 ‘Ferte
1192 3456 1245 3505 n,
1254 3456 1286 3491 ex
1298 3443 1397 3497 Ferte!

794 3576 905 3629 Now

356 3668 500 3733 Caput-ioci
509 3676 627 3721 numan
634 3672 706 3735 uret]
722 3673 827 3740 Suppli·
869 3673 1022 3727 cubum:
1038 3675 1086 3723 sed
1102 3674 1239 3731 Hebraei·
1254 3676 1333 3727 facite
1349 3690 1397 3727 ue-

299 3743 340 3795 ein
352 3744 484 3809 devotum,
496 3752 524 3795 ut
535 3750 594 3795 rute
606 3746 728 3811 explicui.
867 3747 990 3813 redeunt
999 3750 1023 3799 tc
1033 3751 1397 3813 Gedoeuumuiuncmvutn

335 3820 413 3882 Caput
427 3820 485 3870 ross
502 3822 620 3871 numen
638 3818 702 3885 erut]
724 3821 762 3871 Ut
780 3821 828 3871 inr-
867 3826 895 3877 iu
905 3825 976 3891 crpus
986 3828 1090 3878 numine
1101 3828 1213 3891 vestigia
1220 3830 1282 3881 urie
1293 3830 1394 3892 perspi·

300 3906 369 3957 pune
381 3892 502 3944 occidere
514 3894 615 3945 liceret.
642 3894 828 3947 videntibus.
867 3902 1335 3968 euumnnentpriuriuppeitstieuis·
1356 3904 1396 3955 Et

299 3980 323 4017 c·
333 3970 359 4015 8.
374 3968 402 4017 J.
414 3968 529 4017 curten.
869 3976 1007 4027 ceu-m
1016 3976 1090 4029 ricus
1100 3985 1150 4040 eet,
1161 3979 1312 4043 med·
1329 3980 1393 4031 etvi-

332 4040 345 4073 ¹
361 4041 557 4105 Aqnttcre'mut
571 4042 686 4110 mern]
705 4046 829 4111 Hirpinu-
867 4056 908 4101 tu
924 4050 1100 4116 Episcopatu:
1123 4060 1232 4119 utraque
1249 4056 1277 4105 iu
1293 4053 1396 4105 Prisci-

300 4128 357 4163 rnru
377 4118 437 4167 citur
453 4119 515 4168 nrbr
530 4118 581 4170 tuit
602 4120 752 4193 Aquilonis,
769 4138 828 4187 qn·
867 4130 931 4189 putu
938 4126 1064 4185 ulteriori.
1071 4140 1202 4194 nanque
1212 4129 1396 4194 Neapolita-n,

301 4186 420 4241 Cluveric
428 4198 457 4242 et
466 4194 830 4248 Brtetiucredtturemenunc
867 4202 1023 4265 nunprncui
1033 4200 1163 4259 annun
