<?xml version="1.0" encoding="UTF-8"?>
<!DOCTYPE html PUBLIC "-//W3C//DTD XHTML 1.0 Transitional//EN"
    "http://www.w3.org/TR/xhtml1/DTD/xhtml1-transitional.dtd">
<html xmlns="http://www.w3.org/1999/xhtml" xml:lang="en" lang="en">
 <head>
  <title>
</title>
<meta http-equiv="Content-Type" content="text/html;charset=utf-8" />
  <meta name='ocr-system' content='tesseract 3.04.00' />
  <meta name='ocr-capabilities' content='ocr_page ocr_carea ocr_par ocr_line ocrx_word'/>
</head>
<body>
  <div class='ocr_page' id='page_1' title='image "./tliviipatavinih06rupegoog/tliviipatavinih06rupegoog_0049.png"; bbox 0 0 3150 4942; ppageno 0'>
   <div class='ocr_carea' id='block_1_1' title="bbox 579 463 1274 530">
    <p class='ocr_par' dir='ltr' id='par_1_1' title="bbox 579 463 1274 530">
     <span class='ocr_line' id='line_1_1' title="bbox 579 463 1274 530; baseline 0.009 -6"><span class='ocrx_word' id='word_1_1' title='bbox 579 476 649 525; x_wconf 84' lang='lat' dir='ltr'><strong>cre.</strong></span> <span class='ocrx_word' id='word_1_2' title='bbox 673 477 722 525; x_wconf 90' lang='lat' dir='ltr'><strong>vr.</strong></span> <span class='ocrx_word' id='word_1_3' title='bbox 746 479 828 526; x_wconf 80' lang='lat' dir='ltr'><strong>cnr.</strong></span> <span class='ocrx_word' id='word_1_4' title='bbox 847 463 902 528; x_wconf 77' lang='lat'><strong>20.</strong></span> <span class='ocrx_word' id='word_1_5' title='bbox 1208 465 1274 530; x_wconf 82' lang='grc'><strong>963</strong></span> 
     </span>
    </p>
   </div>
   <div class='ocr_carea' id='block_1_2' title="bbox 177 618 1273 2623">
    <p class='ocr_par' dir='ltr' id='par_1_2' title="bbox 177 618 1273 2623">
     <span class='ocr_line' id='line_1_2' title="bbox 223 618 1273 705; baseline -0.001 -17"><span class='ocrx_word' id='word_1_6' title='bbox 223 621 280 688; x_wconf 80' lang='lat'><strong>20.</strong></span> <span class='ocrx_word' id='word_1_7' title='bbox 305 618 576 705; x_wconf 79' lang='lat' dir='ltr'><strong>Approbantibus</strong></span> <span class='ocrx_word' id='word_1_8' title='bbox 596 621 736 694; x_wconf 85' lang='lat' dir='ltr'><strong>cunctis,</strong></span> <span class='ocrx_word' id='word_1_9' title='bbox 752 621 843 685; x_wconf 89' lang='lat' dir='ltr'><strong>diem</strong></span> <span class='ocrx_word' id='word_1_10' title='bbox 856 620 985 685; x_wconf 86' lang='lat' dir='ltr'><strong>Manlio</strong></span> <span class='ocrx_word' id='word_1_11' title='bbox 999 621 1126 685; x_wconf 88' lang='lat' dir='ltr'><strong>dicunt.</strong></span> <span class='ocrx_word' id='word_1_12' title='bbox 1170 620 1273 701; x_wconf 84' lang='lat' dir='ltr'><strong>Quod</strong></span> 
     </span>
     <span class='ocr_line' id='line_1_3' title="bbox 181 721 1272 805; baseline -0.001 -18"><span class='ocrx_word' id='word_1_13' title='bbox 181 725 242 787; x_wconf 90' lang='lat' dir='ltr'><strong>ubi</strong></span> <span class='ocrx_word' id='word_1_14' title='bbox 258 729 310 787; x_wconf 89' lang='lat' dir='ltr'><strong>cst</strong></span> <span class='ocrx_word' id='word_1_15' title='bbox 325 722 463 798; x_wconf 84' lang='lat' dir='ltr'><strong>factum,</strong></span> <span class='ocrx_word' id='word_1_16' title='bbox 476 722 583 804; x_wconf 89' lang='lat' dir='ltr'><strong>primo</strong></span> <span class='ocrx_word' id='word_1_17' title='bbox 593 735 760 786; x_wconf 87' lang='lat' dir='ltr'><strong>commota</strong></span> <span class='ocrx_word' id='word_1_18' title='bbox 774 721 874 804; x_wconf 87' lang='lat' dir='ltr'><strong>plebs</strong></span> <span class='ocrx_word' id='word_1_19' title='bbox 888 727 950 798; x_wconf 87' lang='lat' dir='ltr'><strong>est,</strong></span> <span class='ocrx_word' id='word_1_20' title='bbox 963 723 1080 805; x_wconf 88' lang='lat' dir='ltr'><strong>ntique</strong></span> <span class='ocrx_word' id='word_1_21' title='bbox 1093 728 1272 805; x_wconf 89' lang='lat' dir='ltr'><strong>postquam</strong></span> 
     </span>
     <span class='ocr_line' id='line_1_4' title="bbox 182 821 1273 898; baseline 0 -12"><span class='ocrx_word' id='word_1_22' title='bbox 182 823 388 887; x_wconf 86' lang='lat' dir='ltr'><strong>sordidatum</strong></span> <span class='ocrx_word' id='word_1_23' title='bbox 404 841 494 885; x_wconf 87' lang='lat' dir='ltr'><strong>reum</strong></span> <span class='ocrx_word' id='word_1_24' title='bbox 509 821 674 898; x_wconf 84' lang='lat' dir='ltr'><strong>videntnt,</strong></span> <span class='ocrx_word' id='word_1_25' title='bbox 690 842 751 898; x_wconf 88' lang='lat' dir='ltr'><strong>nec</strong></span> <span class='ocrx_word' id='word_1_26' title='bbox 775 843 854 888; x_wconf 91' lang='lat' dir='ltr'><strong>curn</strong></span> <span class='ocrx_word' id='word_1_27' title='bbox 876 842 917 886; x_wconf 88' lang='lat' dir='ltr'><strong>eo</strong></span> <span class='ocrx_word' id='word_1_28' title='bbox 937 841 1003 886; x_wconf 92' lang='lat' dir='ltr'><strong>non</strong></span> <span class='ocrx_word' id='word_1_29' title='bbox 1019 823 1118 887; x_wconf 90' lang='lat' dir='ltr'><strong>modo</strong></span> <span class='ocrx_word' id='word_1_30' title='bbox 1136 823 1273 886; x_wconf 81' lang='lat' dir='ltr'><strong>Petrum</strong></span> 
     </span>
     <span class='ocr_line' id='line_1_5' title="bbox 182 923 1271 1006; baseline -0.001 -19"><span class='ocrx_word' id='word_1_31' title='bbox 182 943 377 1006; x_wconf 80' lang='lat' dir='ltr'><strong>quenquam,</strong></span> <span class='ocrx_word' id='word_1_32' title='bbox 402 923 462 986; x_wconf 90' lang='lat' dir='ltr'><strong>sed</strong></span> <span class='ocrx_word' id='word_1_33' title='bbox 487 941 529 985; x_wconf 89' lang='lat' dir='ltr'><strong>ue</strong></span> <span class='ocrx_word' id='word_1_34' title='bbox 552 931 715 1004; x_wconf 84' lang='lat' dir='ltr'><strong>cognatos</strong></span> <span class='ocrx_word' id='word_1_35' title='bbox 732 923 869 1005; x_wconf 91' lang='lat' dir='ltr'><strong>quidem</strong></span> <span class='ocrx_word' id='word_1_36' title='bbox 882 930 942 988; x_wconf 88' lang='lat' dir='ltr'><strong>aut</strong></span> <span class='ocrx_word' id='word_1_37' title='bbox 956 923 1086 1001; x_wconf 88' lang='lat' dir='ltr'><strong>affines,</strong></span> <span class='ocrx_word' id='word_1_38' title='bbox 1101 930 1271 1006; x_wconf 91' lang='lat' dir='ltr'><strong>postremo</strong></span> 
     </span>
     <span class='ocr_line' id='line_1_6' title="bbox 181 1021 1272 1107; baseline 0.004 -23"><span class='ocrx_word' id='word_1_39' title='bbox 181 1041 222 1086; x_wconf 89' lang='lat' dir='ltr'><strong>ne</strong></span> <span class='ocrx_word' id='word_1_40' title='bbox 244 1023 362 1087; x_wconf 79' lang='lat' dir='ltr'><strong>tratres</strong></span> <span class='ocrx_word' id='word_1_41' title='bbox 387 1022 521 1106; x_wconf 89' lang='lat' dir='ltr'><strong>quidem</strong></span> <span class='ocrx_word' id='word_1_42' title='bbox 546 1021 591 1087; x_wconf 86' lang='lat' dir='ltr'><strong>A.</strong></span> <span class='ocrx_word' id='word_1_43' title='bbox 607 1031 643 1086; x_wconf 90' lang='lat' dir='ltr'><strong>et</strong></span> <span class='ocrx_word' id='word_1_44' title='bbox 657 1024 698 1087; x_wconf 89' lang='grc' dir='ltr'><strong>Τ.</strong></span> <span class='ocrx_word' id='word_1_45' title='bbox 713 1023 880 1088; x_wconf 79' lang='lat' dir='ltr'><strong>Manlios:</strong></span> <span class='ocrx_word' id='word_1_46' title='bbox 903 1023 995 1107; x_wconf 86' lang='lat' dir='ltr'><strong>quod</strong></span> <span class='ocrx_word' id='word_1_47' title='bbox 1018 1023 1060 1088; x_wconf 90' lang='lat' dir='ltr'><strong>ad</strong></span> <span class='ocrx_word' id='word_1_48' title='bbox 1085 1043 1162 1088; x_wconf 90' lang='lat' dir='ltr'><strong>cnm</strong></span> <span class='ocrx_word' id='word_1_49' title='bbox 1185 1023 1272 1088; x_wconf 89' lang='lat' dir='ltr'><strong>diem</strong></span> 
     </span>
     <span class='ocr_line' id='line_1_7' title="bbox 180 1125 1273 1209; baseline 0 -21"><span class='ocrx_word' id='word_1_50' title='bbox 180 1145 346 1209; x_wconf 87' lang='lat' dir='ltr'><strong>nunquam</strong></span> <span class='ocrx_word' id='word_1_51' title='bbox 362 1144 426 1189; x_wconf 88' lang='lat' dir='ltr'><strong>usu</strong></span> <span class='ocrx_word' id='word_1_52' title='bbox 444 1125 599 1204; x_wconf 86' lang='lat' dir='ltr'><strong>venisset,</strong></span> <span class='ocrx_word' id='word_1_53' title='bbox 615 1127 699 1189; x_wconf 89' lang='lat' dir='ltr'><strong>utin</strong></span> <span class='ocrx_word' id='word_1_54' title='bbox 717 1134 812 1190; x_wconf 88' lang='lat' dir='ltr'><strong>tanto</strong></span> <span class='ocrx_word' id='word_1_55' title='bbox 827 1125 1016 1190; x_wconf 83' lang='lat' dir='ltr'><strong>discrimine</strong></span> <span class='ocrx_word' id='word_1_56' title='bbox 1028 1145 1094 1189; x_wconf 95' lang='lat' dir='ltr'><strong>non</strong></span> <span class='ocrx_word' id='word_1_57' title='bbox 1107 1133 1144 1189; x_wconf 89' lang='lat' dir='ltr'><strong>et</strong></span> <span class='ocrx_word' id='word_1_58' title='bbox 1156 1126 1273 1209; x_wconf 87' lang='lat' dir='ltr'><strong>proxi·</strong></span> 
     </span>
     <span class='ocr_line' id='line_1_8' title="bbox 179 1224 1271 1310; baseline 0.001 -21"><span class='ocrx_word' id='word_1_59' title='bbox 179 1227 376 1290; x_wconf 77' lang='lat' dir='ltr'><strong>mineatem</strong></span> <span class='ocrx_word' id='word_1_60' title='bbox 403 1231 577 1291; x_wconf 79' lang='lat' dir='ltr'><strong>mutarent.</strong></span> <span class='ocrx_word' id='word_1_61' title='bbox 620 1225 687 1310; x_wconf 79' lang='lat' dir='ltr'><strong>Ap.</strong></span> <span class='ocrx_word' id='word_1_62' title='bbox 713 1226 855 1292; x_wconf 85' lang='lat' dir='ltr'><strong>Claudio</strong></span> <span class='ocrx_word' id='word_1_63' title='bbox 882 1230 916 1292; x_wconf 90' lang='lat' dir='ltr'><strong>in</strong></span> <span class='ocrx_word' id='word_1_64' title='bbox 939 1227 1071 1292; x_wconf 85' lang='lat' dir='ltr'><strong>vincula</strong></span> <span class='ocrx_word' id='word_1_65' title='bbox 1094 1225 1208 1302; x_wconf 90' lang='lat' dir='ltr'><strong>ducto,</strong></span> <span class='ocrx_word' id='word_1_66' title='bbox 1230 1224 1271 1290; x_wconf 85' lang='lat' dir='ltr'><strong>G.</strong></span> 
     </span>
     <span class='ocr_line' id='line_1_9' title="bbox 180 1325 1273 1412; baseline 0 -22"><span class='ocrx_word' id='word_1_67' title='bbox 180 1325 358 1391; x_wconf 81' lang='lat' dir='ltr'><strong>Claudium</strong></span> <span class='ocrx_word' id='word_1_68' title='bbox 381 1326 552 1391; x_wconf 89' lang='lat' dir='ltr'><strong>inimicum</strong></span> <span class='ocrx_word' id='word_1_69' title='bbox 569 1326 812 1412; x_wconf 85' lang='lat' dir='ltr'><strong>Claudiamque</strong></span> <span class='ocrx_word' id='word_1_70' title='bbox 833 1346 965 1392; x_wconf 90' lang='lat' dir='ltr'><strong>omnem</strong></span> <span class='ocrx_word' id='word_1_71' title='bbox 980 1333 1108 1410; x_wconf 83' lang='lat' dir='ltr'><strong>gentem</strong></span> <span class='ocrx_word' id='word_1_72' title='bbox 1124 1325 1273 1391; x_wconf 84' lang='lat' dir='ltr'><strong>sordida·</strong></span> 
     </span>
     <span class='ocr_line' id='line_1_10' title="bbox 179 1425 1272 1512; baseline -0.003 -20"><span class='ocrx_word' id='word_1_73' title='bbox 179 1434 248 1492; x_wconf 85' lang='lat' dir='ltr'><strong>tam</strong></span> <span class='ocrx_word' id='word_1_74' title='bbox 273 1426 390 1492; x_wconf 84' lang='lat' dir='ltr'><strong>fuisse.</strong></span> <span class='ocrx_word' id='word_1_75' title='bbox 435 1427 609 1492; x_wconf 76' lang='lat' dir='ltr'><strong>consensu</strong></span> <span class='ocrx_word' id='word_1_76' title='bbox 635 1428 777 1511; x_wconf 84' lang='lat' dir='ltr'><strong>opprimi</strong></span> <span class='ocrx_word' id='word_1_77' title='bbox 803 1429 1000 1512; x_wconf 89' lang='lat' dir='ltr'><strong>popularem</strong></span> <span class='ocrx_word' id='word_1_78' title='bbox 1025 1429 1157 1504; x_wconf 73' lang='lat' dir='ltr'><strong>virum,²</strong></span> <span class='ocrx_word' id='word_1_79' title='bbox 1180 1425 1272 1511; x_wconf 87' lang='lat' dir='ltr'><strong>qnod</strong></span> 
     </span>
     <span class='ocr_line' id='line_1_11' title="bbox 180 1527 1273 1611; baseline 0 -20"><span class='ocrx_word' id='word_1_80' title='bbox 180 1527 304 1610; x_wconf 88' lang='lat' dir='ltr'><strong>primus</strong></span> <span class='ocrx_word' id='word_1_81' title='bbox 320 1546 341 1593; x_wconf 88' lang='lat' dir='ltr'><strong>a</strong></span> <span class='ocrx_word' id='word_1_82' title='bbox 358 1527 517 1592; x_wconf 89' lang='lat' dir='ltr'><strong>Patribus</strong></span> <span class='ocrx_word' id='word_1_83' title='bbox 531 1528 574 1593; x_wconf 89' lang='lat' dir='ltr'><strong>ad</strong></span> <span class='ocrx_word' id='word_1_84' title='bbox 590 1529 722 1611; x_wconf 88' lang='lat' dir='ltr'><strong>plebem</strong></span> <span class='ocrx_word' id='word_1_85' title='bbox 740 1527 935 1595; x_wconf 74' lang='lat' dir='ltr'><strong>defecisset.</strong></span> <span class='ocrx_word' id='word_1_86' title='bbox 971 1527 1055 1592; x_wconf 81' lang='lat' dir='ltr'><strong>Cum</strong></span> <span class='ocrx_word' id='word_1_87' title='bbox 1071 1528 1143 1592; x_wconf 90' lang='lat' dir='ltr'><strong>dies</strong></span> <span class='ocrx_word' id='word_1_88' title='bbox 1158 1527 1273 1604; x_wconf 65' lang='lat' dir='ltr'><strong>venit:</strong></span> 
     </span>
     <span class='ocr_line' id='line_1_12' title="bbox 180 1628 1272 1714; baseline 0.001 -23"><span class='ocrx_word' id='word_1_89' title='bbox 180 1647 267 1712; x_wconf 87' lang='lat' dir='ltr'><strong>quoe,</strong></span> <span class='ocrx_word' id='word_1_90' title='bbox 277 1635 400 1712; x_wconf 73' lang='lat' dir='ltr'><strong>praeter</strong></span> <span class='ocrx_word' id='word_1_91' title='bbox 410 1636 521 1694; x_wconf 85' lang='lat' dir='ltr'><strong>coetus</strong></span> <span class='ocrx_word' id='word_1_92' title='bbox 534 1628 757 1694; x_wconf 85' lang='lat' dir='ltr'><strong>multitudinis</strong></span> <span class='ocrx_word' id='word_1_93' title='bbox 773 1629 1021 1714; x_wconf 87' lang='lat' dir='ltr'><strong>seditiosasque</strong></span> <span class='ocrx_word' id='word_1_94' title='bbox 1031 1649 1147 1708; x_wconf 84' lang='lat' dir='ltr'><strong>voces,</strong></span> <span class='ocrx_word' id='word_1_95' title='bbox 1156 1637 1193 1693; x_wconf 89' lang='lat' dir='ltr'><strong>et</strong></span> <span class='ocrx_word' id='word_1_96' title='bbox 1205 1629 1272 1694; x_wconf 88' lang='lat' dir='ltr'><strong>lar·</strong></span> 
     </span>
     <span class='ocr_line' id='line_1_13' title="bbox 179 1729 1271 1816; baseline 0.001 -23"><span class='ocrx_word' id='word_1_97' title='bbox 179 1729 334 1812; x_wconf 84' lang='lat' dir='ltr'><strong>gitionem</strong></span> <span class='ocrx_word' id='word_1_98' title='bbox 358 1735 391 1793; x_wconf 89' lang='lat' dir='ltr'><strong>et</strong></span> <span class='ocrx_word' id='word_1_99' title='bbox 416 1729 522 1794; x_wconf 78' lang='lat' dir='ltr'>fallax</span> <span class='ocrx_word' id='word_1_100' title='bbox 547 1729 717 1808; x_wconf 90' lang='lat' dir='ltr'><strong>indicium,</strong></span> <span class='ocrx_word' id='word_1_101' title='bbox 739 1731 939 1813; x_wconf 87' lang='lat' dir='ltr'><strong>pertinentia</strong></span> <span class='ocrx_word' id='word_1_102' title='bbox 958 1731 1094 1816; x_wconf 89' lang='lat' dir='ltr'><strong>proprie</strong></span> <span class='ocrx_word' id='word_1_103' title='bbox 1113 1730 1156 1795; x_wconf 89' lang='lat' dir='ltr'><strong>ad</strong></span> <span class='ocrx_word' id='word_1_104' title='bbox 1180 1732 1271 1812; x_wconf 81' lang='lat' dir='ltr'><strong>regni</strong></span> 
     </span>
     <span class='ocr_line' id='line_1_14' title="bbox 179 1829 1272 1916; baseline 0 -22"><span class='ocrx_word' id='word_1_105' title='bbox 179 1831 303 1894; x_wconf 80' lang='lat' dir='ltr'><strong>crimen</strong></span> <span class='ocrx_word' id='word_1_106' title='bbox 319 1831 362 1896; x_wconf 88' lang='lat' dir='ltr'><strong>ab</strong></span> <span class='ocrx_word' id='word_1_107' title='bbox 378 1833 628 1896; x_wconf 87' lang='lat' dir='ltr'><strong>accusatoribus</strong></span> <span class='ocrx_word' id='word_1_108' title='bbox 651 1831 784 1915; x_wconf 85' lang='lat' dir='ltr'><strong>objecta</strong></span> <span class='ocrx_word' id='word_1_109' title='bbox 809 1833 877 1897; x_wconf 88' lang='lat' dir='ltr'><strong>sint</strong></span> <span class='ocrx_word' id='word_1_110' title='bbox 899 1853 970 1910; x_wconf 88' lang='lat' dir='ltr'><strong>reo,</strong></span> <span class='ocrx_word' id='word_1_111' title='bbox 995 1833 1087 1916; x_wconf 88' lang='lat' dir='ltr'><strong>apud</strong></span> <span class='ocrx_word' id='word_1_112' title='bbox 1110 1829 1272 1895; x_wconf 86' lang='lat' dir='ltr'><strong>neminem</strong></span> 
     </span>
     <span class='ocr_line' id='line_1_15' title="bbox 179 1933 1270 2017; baseline -0.003 -21"><span class='ocrx_word' id='word_1_113' title='bbox 179 1939 345 1998; x_wconf 81' lang='lat' dir='ltr'><strong>auctorem</strong></span> <span class='ocrx_word' id='word_1_114' title='bbox 372 1933 512 1998; x_wconf 80' lang='lat' dir='ltr'><strong>inuenio.</strong></span> <span class='ocrx_word' id='word_1_115' title='bbox 557 1933 631 1997; x_wconf 89' lang='lat' dir='ltr'><strong>Nec</strong></span> <span class='ocrx_word' id='word_1_116' title='bbox 657 1933 775 1998; x_wconf 87' lang='lat' dir='ltr'><strong>dubito</strong></span> <span class='ocrx_word' id='word_1_117' title='bbox 803 1933 895 1999; x_wconf 88' lang='lat' dir='ltr'><strong>band</strong></span> <span class='ocrx_word' id='word_1_118' title='bbox 924 1953 1028 2017; x_wconf 85' lang='lat' dir='ltr'><strong>parva</strong></span> <span class='ocrx_word' id='word_1_119' title='bbox 1049 1933 1166 2007; x_wconf 83' lang='lat' dir='ltr'><strong>fuisse,</strong></span> <span class='ocrx_word' id='word_1_120' title='bbox 1193 1950 1270 1995; x_wconf 89' lang='lat' dir='ltr'><strong>curn</strong></span> 
     </span>
     <span class='ocr_line' id='line_1_16' title="bbox 178 2029 1271 2117; baseline -0.001 -21"><span class='ocrx_word' id='word_1_121' title='bbox 178 2032 359 2098; x_wconf 87' lang='lat' dir='ltr'><strong>damnandi</strong></span> <span class='ocrx_word' id='word_1_122' title='bbox 386 2053 480 2098; x_wconf 88' lang='lat' dir='ltr'><strong>mora</strong></span> <span class='ocrx_word' id='word_1_123' title='bbox 510 2034 599 2117; x_wconf 90' lang='lat' dir='ltr'><strong>plebi</strong></span> <span class='ocrx_word' id='word_1_124' title='bbox 628 2053 694 2098; x_wconf 93' lang='lat' dir='ltr'><strong>nou</strong></span> <span class='ocrx_word' id='word_1_125' title='bbox 714 2036 747 2098; x_wconf 92' lang='lat' dir='ltr'><strong>in</strong></span> <span class='ocrx_word' id='word_1_126' title='bbox 772 2054 888 2112; x_wconf 89' lang='lat' dir='ltr'><strong>causa,</strong></span> <span class='ocrx_word' id='word_1_127' title='bbox 911 2036 968 2099; x_wconf 91' lang='lat' dir='ltr'><strong>sed</strong></span> <span class='ocrx_word' id='word_1_128' title='bbox 989 2035 1024 2096; x_wconf 92' lang='lat' dir='ltr'><strong>in</strong></span> <span class='ocrx_word' id='word_1_129' title='bbox 1038 2034 1132 2109; x_wconf 91' lang='lat' dir='ltr'><strong>loco,</strong></span> <span class='ocrx_word' id='word_1_130' title='bbox 1145 2029 1271 2098; x_wconf 67' lang='lat' dir='ltr'><strong>suerit.b</strong></span> 
     </span>
     <span class='ocr_line' id='line_1_17' title="bbox 179 2132 1270 2217; baseline 0 -21"><span class='ocrx_word' id='word_1_131' title='bbox 179 2132 268 2198; x_wconf 84' lang='lat' dir='ltr'><strong>Illud</strong></span> <span class='ocrx_word' id='word_1_132' title='bbox 283 2134 466 2200; x_wconf 73' lang='lat' dir='ltr'><strong>nomadum</strong></span> <span class='ocrx_word' id='word_1_133' title='bbox 489 2135 632 2210; x_wconf 85' lang='lat' dir='ltr'><strong>videtur,</strong></span> <span class='ocrx_word' id='word_1_134' title='bbox 648 2140 684 2198; x_wconf 89' lang='lat' dir='ltr'><strong>ut</strong></span> <span class='ocrx_word' id='word_1_135' title='bbox 703 2135 811 2200; x_wconf 89' lang='lat' dir='ltr'><strong>sciant</strong></span> <span class='ocrx_word' id='word_1_136' title='bbox 832 2136 991 2208; x_wconf 87' lang='lat' dir='ltr'><strong>homines,</strong></span> <span class='ocrx_word' id='word_1_137' title='bbox 1007 2154 1083 2217; x_wconf 74' lang='lat' dir='ltr'><strong>qnae</strong></span> <span class='ocrx_word' id='word_1_138' title='bbox 1098 2139 1131 2197; x_wconf 87' lang='lat' dir='ltr'><strong>et</strong></span> <span class='ocrx_word' id='word_1_139' title='bbox 1145 2137 1270 2215; x_wconf 86' lang='lat' dir='ltr'><strong>quauta</strong></span> 
     </span>
     <span class='ocr_line' id='line_1_18' title="bbox 179 2232 1272 2320; baseline -0.001 -23"><span class='ocrx_word' id='word_1_140' title='bbox 179 2234 303 2299; x_wconf 85' lang='lat' dir='ltr'><strong>decora</strong></span> <span class='ocrx_word' id='word_1_141' title='bbox 326 2235 415 2300; x_wconf 85' lang='lat' dir='ltr'><strong>foeda</strong></span> <span class='ocrx_word' id='word_1_142' title='bbox 438 2235 605 2320; x_wconf 83' lang='lat' dir='ltr'><strong>cupiditas</strong></span> <span class='ocrx_word' id='word_1_143' title='bbox 623 2236 714 2317; x_wconf 83' lang='lat' dir='ltr'><strong>regni</strong></span> <span class='ocrx_word' id='word_1_144' title='bbox 730 2255 798 2300; x_wconf 92' lang='lat' dir='ltr'><strong>non</strong></span> <span class='ocrx_word' id='word_1_145' title='bbox 812 2237 941 2318; x_wconf 81' lang='lat' dir='ltr'><strong>ingrata</strong></span> <span class='ocrx_word' id='word_1_146' title='bbox 954 2236 1075 2312; x_wconf 89' lang='lat' dir='ltr'><strong>solnm,</strong></span> <span class='ocrx_word' id='word_1_147' title='bbox 1089 2233 1149 2297; x_wconf 85' lang='lat' dir='ltr'><strong>sed</strong></span> <span class='ocrx_word' id='word_1_148' title='bbox 1161 2232 1272 2297; x_wconf 81' lang='lat' dir='ltr'><strong>inrisa</strong></span> 
     </span>
     <span class='ocr_line' id='line_1_19' title="bbox 178 2333 1270 2420; baseline -0.002 -20"><span class='ocrx_word' id='word_1_149' title='bbox 178 2337 290 2413; x_wconf 86' lang='lat' dir='ltr'><strong>ctiam,</strong></span> <span class='ocrx_word' id='word_1_150' title='bbox 306 2335 497 2406; x_wconf 80' lang='lat' dir='ltr'><strong>reddiderit.</strong></span> <span class='ocrx_word' id='word_1_151' title='bbox 540 2335 705 2401; x_wconf 80' lang='lat' dir='ltr'><strong>Homines</strong></span> <span class='ocrx_word' id='word_1_152' title='bbox 725 2355 830 2420; x_wconf 90' lang='lat' dir='ltr'><strong>prope</strong></span> <span class='ocrx_word' id='word_1_153' title='bbox 852 2337 1110 2420; x_wconf 86' lang='lat' dir='ltr'><strong>quadringentos</strong></span> <span class='ocrx_word' id='word_1_154' title='bbox 1123 2333 1270 2417; x_wconf 87' lang='lat' dir='ltr'><strong>produx-</strong></span> 
     </span>
     <span class='ocr_line' id='line_1_20' title="bbox 177 2434 1268 2522; baseline -0.002 -22"><span class='ocrx_word' id='word_1_155' title='bbox 177 2434 245 2500; x_wconf 83' lang='lat' dir='ltr'><strong>isse</strong></span> <span class='ocrx_word' id='word_1_156' title='bbox 260 2437 393 2516; x_wconf 88' lang='lat' dir='ltr'><strong>dioitur,</strong></span> <span class='ocrx_word' id='word_1_157' title='bbox 404 2439 526 2520; x_wconf 89' lang='lat' dir='ltr'><strong>quibus</strong></span> <span class='ocrx_word' id='word_1_158' title='bbox 540 2438 613 2501; x_wconf 85' lang='lat' dir='ltr'><strong>sine</strong></span> <span class='ocrx_word' id='word_1_159' title='bbox 626 2437 754 2504; x_wconf 82' lang='lat' dir='ltr'><strong>foenere</strong></span> <span class='ocrx_word' id='word_1_160' title='bbox 768 2457 937 2521; x_wconf 87' lang='lat' dir='ltr'><strong>expensas</strong></span> <span class='ocrx_word' id='word_1_161' title='bbox 949 2437 1114 2522; x_wconf 80' lang='lat' dir='ltr'><strong>pecunias</strong></span> <span class='ocrx_word' id='word_1_162' title='bbox 1125 2435 1268 2511; x_wconf 85' lang='lat' dir='ltr'><strong>tulisset,</strong></span> 
     </span>
     <span class='ocr_line' id='line_1_21' title="bbox 178 2533 1269 2623; baseline -0.002 -23"><span class='ocrx_word' id='word_1_163' title='bbox 178 2555 315 2620; x_wconf 85' lang='lat' dir='ltr'><strong>quorum</strong></span> <span class='ocrx_word' id='word_1_164' title='bbox 332 2538 423 2604; x_wconf 92' lang='lat' dir='ltr'><strong>bona</strong></span> <span class='ocrx_word' id='word_1_165' title='bbox 438 2537 560 2614; x_wconf 83' lang='lat' dir='ltr'><strong>venire,</strong></span> <span class='ocrx_word' id='word_1_166' title='bbox 577 2556 664 2621; x_wconf 91' lang='lat' dir='ltr'><strong>quos</strong></span> <span class='ocrx_word' id='word_1_167' title='bbox 679 2538 757 2602; x_wconf 89' lang='lat' dir='ltr'><strong>duci</strong></span> <span class='ocrx_word' id='word_1_168' title='bbox 773 2537 927 2604; x_wconf 88' lang='lat' dir='ltr'><strong>addictos</strong></span> <span class='ocrx_word' id='word_1_169' title='bbox 942 2538 1175 2623; x_wconf 85' lang='lat' dir='ltr'><strong>prohibuisset.</strong></span> <span class='ocrx_word' id='word_1_170' title='bbox 1210 2533 1269 2599; x_wconf 84' lang='lat' dir='ltr'><strong>Ad</strong></span> 
     </span>
    </p>
   </div>
   <div class='ocr_carea' id='block_1_3' title="bbox 165 2637 1269 3127">
    <p class='ocr_par' dir='ltr' id='par_1_3' title="bbox 165 2637 1269 3127">
     <span class='ocr_line' id='line_1_22' title="bbox 175 2637 1269 2722; baseline -0.002 -21"><span class='ocrx_word' id='word_1_171' title='bbox 175 2638 262 2715; x_wconf 86' lang='lat' dir='ltr'><strong>baec,</strong></span> <span class='ocrx_word' id='word_1_172' title='bbox 276 2639 398 2703; x_wconf 88' lang='lat' dir='ltr'><strong>decora</strong></span> <span class='ocrx_word' id='word_1_173' title='bbox 411 2659 543 2722; x_wconf 90' lang='lat' dir='ltr'><strong>qnoque</strong></span> <span class='ocrx_word' id='word_1_174' title='bbox 557 2639 638 2703; x_wconf 90' lang='lat' dir='ltr'><strong>belli</strong></span> <span class='ocrx_word' id='word_1_175' title='bbox 660 2658 727 2702; x_wconf 91' lang='lat' dir='ltr'><strong>non</strong></span> <span class='ocrx_word' id='word_1_176' title='bbox 743 2659 1023 2704; x_wconf 88' lang='lat' dir='ltr'><strong>commemorasse</strong></span> <span class='ocrx_word' id='word_1_177' title='bbox 1045 2644 1184 2715; x_wconf 89' lang='lat' dir='ltr'><strong>tautum,</strong></span> <span class='ocrx_word' id='word_1_178' title='bbox 1208 2637 1269 2700; x_wconf 88' lang='lat' dir='ltr'><strong>sed</strong></span> 
     </span>
     <span class='ocr_line' id='line_1_23' title="bbox 178 2739 1268 2824; baseline -0.002 -22"><span class='ocrx_word' id='word_1_179' title='bbox 178 2739 361 2821; x_wconf 86' lang='lat' dir='ltr'><strong>protulisse</strong></span> <span class='ocrx_word' id='word_1_180' title='bbox 387 2742 484 2804; x_wconf 89' lang='lat' dir='ltr'><strong>etiam</strong></span> <span class='ocrx_word' id='word_1_181' title='bbox 509 2740 764 2823; x_wconf 82' lang='lat' dir='ltr'><strong>conspicienda3</strong></span> <span class='ocrx_word' id='word_1_182' title='bbox 797 2741 910 2824; x_wconf 88' lang='lat' dir='ltr'><strong>spolia</strong></span> <span class='ocrx_word' id='word_1_183' title='bbox 932 2741 1082 2804; x_wconf 88' lang='lat' dir='ltr'><strong>bostium</strong></span> <span class='ocrx_word' id='word_1_184' title='bbox 1104 2756 1268 2803; x_wconf 86' lang='lat' dir='ltr'><strong>caesorum</strong></span> 
     </span>
     <span class='ocr_line' id='line_1_24' title="bbox 165 2838 1268 2924; baseline -0.004 -20"><span class='ocrx_word' id='word_1_185' title='bbox 165 2839 222 2904; x_wconf 79' lang='lat' dir='ltr'><strong>ad</strong></span> <span class='ocrx_word' id='word_1_186' title='bbox 240 2841 383 2922; x_wconf 85' lang='lat' dir='ltr'><strong>triginta,</strong></span> <span class='ocrx_word' id='word_1_187' title='bbox 398 2842 486 2904; x_wconf 85' lang='lat' dir='ltr'><strong>dona</strong></span> <span class='ocrx_word' id='word_1_188' title='bbox 501 2842 735 2924; x_wconf 86' lang='lat' dir='ltr'><strong>imperatorum</strong></span> <span class='ocrx_word' id='word_1_189' title='bbox 757 2840 801 2904; x_wconf 90' lang='lat' dir='ltr'><strong>ad</strong></span> <span class='ocrx_word' id='word_1_190' title='bbox 822 2839 1082 2924; x_wconf 77' lang='lat' dir='ltr'><strong>qnadragintaz‘</strong></span> <span class='ocrx_word' id='word_1_191' title='bbox 1095 2840 1130 2903; x_wconf 90' lang='lat' dir='ltr'><strong>in</strong></span> <span class='ocrx_word' id='word_1_192' title='bbox 1145 2838 1268 2922; x_wconf 90' lang='lat' dir='ltr'><strong>quibus</strong></span> 
     </span>
     <span class='ocr_line' id='line_1_25' title="bbox 177 2939 1268 3021; baseline -0.004 -17"><span class='ocrx_word' id='word_1_193' title='bbox 177 2940 324 3021; x_wconf 81' lang='lat' dir='ltr'><strong>insignes</strong></span> <span class='ocrx_word' id='word_1_194' title='bbox 347 2942 432 3006; x_wconf 89' lang='lat' dir='ltr'><strong>duas</strong></span> <span class='ocrx_word' id='word_1_195' title='bbox 446 2942 588 3006; x_wconf 89' lang='lat' dir='ltr'><strong>murales</strong></span> <span class='ocrx_word' id='word_1_196' title='bbox 602 2961 752 3018; x_wconf 87' lang='lat' dir='ltr'><strong>coronas,</strong></span> <span class='ocrx_word' id='word_1_197' title='bbox 767 2942 893 3006; x_wconf 89' lang='lat' dir='ltr'><strong>civicas</strong></span> <span class='ocrx_word' id='word_1_198' title='bbox 908 2950 998 3005; x_wconf 92' lang='lat' dir='ltr'><strong>octo.</strong></span> <span class='ocrx_word' id='word_1_199' title='bbox 1042 2939 1096 3004; x_wconf 83' lang='lat' dir='ltr'><strong>Ad</strong></span> <span class='ocrx_word' id='word_1_200' title='bbox 1113 2939 1186 3002; x_wconf 86' lang='lat' dir='ltr'><strong>haec</strong></span> <span class='ocrx_word' id='word_1_201' title='bbox 1200 2956 1268 3000; x_wconf 88' lang='lat' dir='ltr'><strong>ser·</strong></span> 
     </span>
     <span class='ocr_line' id='line_1_26' title="bbox 177 3037 1266 3127; baseline -0.005 -23"><span class='ocrx_word' id='word_1_202' title='bbox 177 3047 298 3106; x_wconf 83' lang='lat' dir='ltr'><strong>vntos⁵</strong></span> <span class='ocrx_word' id='word_1_203' title='bbox 312 3063 356 3106; x_wconf 80' lang='lat' dir='ltr'><strong>ex</strong></span> <span class='ocrx_word' id='word_1_204' title='bbox 370 3043 522 3106; x_wconf 84' lang='lat' dir='ltr'><strong>hostibus</strong></span> <span class='ocrx_word' id='word_1_205' title='bbox 536 3044 626 3107; x_wconf 85' lang='lat' dir='ltr'><strong>cives</strong></span> <span class='ocrx_word' id='word_1_206' title='bbox 642 3040 886 3127; x_wconf 75' lang='lat' dir='ltr'><strong>produxiss03⁶</strong></span> <span class='ocrx_word' id='word_1_207' title='bbox 900 3043 986 3106; x_wconf 89' lang='lat' dir='ltr'><strong>inter</strong></span> <span class='ocrx_word' id='word_1_208' title='bbox 1000 3059 1088 3124; x_wconf 88' lang='lat' dir='ltr'><strong>quos</strong></span> <span class='ocrx_word' id='word_1_209' title='bbox 1101 3038 1140 3102; x_wconf 84' lang='lat' dir='ltr'><strong>G.</strong></span> <span class='ocrx_word' id='word_1_210' title='bbox 1156 3037 1266 3100; x_wconf 84' lang='lat' dir='ltr'><strong>Servi-</strong></span> 
     </span>
    </p>
   </div>
   <div class='ocr_carea' id='block_1_4' title="bbox 666 3208 776 3260">
    <p class='ocr_par' dir='ltr' id='par_1_4' title="bbox 666 3208 776 3260">
     <span class='ocr_line' id='line_1_27' title="bbox 666 3208 776 3260; baseline 0 -2"><span class='ocrx_word' id='word_1_211' title='bbox 666 3208 776 3260; x_wconf 80' lang='lat' dir='ltr'>NOTAE</span> 
     </span>
    </p>
   </div>
   <div class='ocr_carea' id='block_1_5' title="bbox 169 3303 1266 4354">
    <p class='ocr_par' dir='ltr' id='par_1_5' title="bbox 175 3303 1266 3520">
     <span class='ocr_line' id='line_1_28' title="bbox 207 3303 1266 3369; baseline -0.001 -17"><span class='ocrx_word' id='word_1_212' title='bbox 207 3312 218 3337; x_wconf 85' lang='lat'>¹</span> <span class='ocrx_word' id='word_1_213' title='bbox 235 3304 353 3354; x_wconf 70' lang='lat' dir='ltr'><strong>Cotuato</strong></span> <span class='ocrx_word' id='word_1_214' title='bbox 362 3305 461 3367; x_wconf 81' lang='lat' dir='ltr'><strong>oppriraa&#39;</strong></span> <span class='ocrx_word' id='word_1_215' title='bbox 468 3309 602 3369; x_wconf 74' lang='lat' dir='ltr'><strong>popularem</strong></span> <span class='ocrx_word' id='word_1_216' title='bbox 612 3305 700 3367; x_wconf 57' lang='lat' dir='ltr'><strong>dmm]</strong></span> <span class='ocrx_word' id='word_1_217' title='bbox 740 3319 904 3368; x_wconf 82' lang='lat' dir='ltr'><strong>nequaqnam</strong></span> <span class='ocrx_word' id='word_1_218' title='bbox 926 3304 985 3354; x_wconf 83' lang='lat' dir='ltr'><strong>ideo</strong></span> <span class='ocrx_word' id='word_1_219' title='bbox 1002 3303 1110 3353; x_wconf 85' lang='lat' dir='ltr'><strong>dilatum</strong></span> <span class='ocrx_word' id='word_1_220' title='bbox 1131 3309 1181 3364; x_wconf 84' lang='lat' dir='ltr'><strong>ert,</strong></span> <span class='ocrx_word' id='word_1_221' title='bbox 1197 3303 1266 3366; x_wconf 83' lang='lat' dir='ltr'><strong>quod</strong></span> 
     </span>
     <span class='ocr_line' id='line_1_29' title="bbox 176 3378 1266 3444; baseline -0.004 -14"><span class='ocrx_word' id='word_1_222' title='bbox 176 3381 311 3430; x_wconf 84' lang='lat' dir='ltr'><strong>Communi</strong></span> <span class='ocrx_word' id='word_1_223' title='bbox 327 3383 438 3430; x_wconf 85' lang='lat' dir='ltr'><strong>omniunt</strong></span> <span class='ocrx_word' id='word_1_224' title='bbox 457 3383 634 3444; x_wconf 85' lang='lat' dir='ltr'><strong>patriciorum,</strong></span> <span class='ocrx_word' id='word_1_225' title='bbox 655 3383 700 3432; x_wconf 88' lang='lat' dir='ltr'><strong>im·</strong></span> <span class='ocrx_word' id='word_1_226' title='bbox 741 3378 1266 3443; x_wconf 67' lang='lat' dir='ltr'><strong>nonantismagnarideretorcauradam·</strong></span> 
     </span>
     <span class='ocr_line' id='line_1_30' title="bbox 175 3453 1265 3520; baseline -0.003 -15"><span class='ocrx_word' id='word_1_227' title='bbox 175 3471 216 3506; x_wconf 82' lang='lat' dir='ltr'><strong>nro</strong></span> <span class='ocrx_word' id='word_1_228' title='bbox 227 3464 256 3505; x_wconf 87' lang='lat' dir='ltr'><strong>et</strong></span> <span class='ocrx_word' id='word_1_229' title='bbox 266 3455 425 3506; x_wconf 86' lang='lat' dir='ltr'><strong>tribunorum</strong></span> <span class='ocrx_word' id='word_1_230' title='bbox 437 3456 518 3519; x_wconf 86' lang='lat' dir='ltr'><strong>plebis</strong></span> <span class='ocrx_word' id='word_1_231' title='bbox 530 3471 664 3506; x_wconf 86' lang='lat' dir='ltr'><strong>consensu.</strong></span> <span class='ocrx_word' id='word_1_232' title='bbox 740 3455 828 3516; x_wconf 86' lang='lat' dir='ltr'><strong>nandi,</strong></span> <span class='ocrx_word' id='word_1_233' title='bbox 849 3456 922 3520; x_wconf 85' lang='lat' dir='ltr'><strong>(nant</strong></span> <span class='ocrx_word' id='word_1_234' title='bbox 943 3455 1040 3504; x_wconf 83' lang='lat' dir='ltr'><strong>crimen</strong></span> <span class='ocrx_word' id='word_1_235' title='bbox 1063 3453 1142 3518; x_wconf 88' lang='lat' dir='ltr'><strong>ipsioa</strong></span> <span class='ocrx_word' id='word_1_236' title='bbox 1163 3467 1265 3516; x_wconf 81' lang='lat' dir='ltr'><strong>poenara</strong></span> 
     </span>
    </p>

    <p class='ocr_par' dir='ltr' id='par_1_6' title="bbox 169 3527 1266 4199">
     <span class='ocr_line' id='line_1_31' title="bbox 207 3527 1266 3595; baseline -0.002 -15"><span class='ocrx_word' id='word_1_237' title='bbox 207 3533 298 3580; x_wconf 69' lang='lat' dir='ltr'><strong>*Cam</strong></span> <span class='ocrx_word' id='word_1_238' title='bbox 315 3532 367 3580; x_wconf 84' lang='lat' dir='ltr'><strong>dira</strong></span> <span class='ocrx_word' id='word_1_239' title='bbox 384 3531 459 3595; x_wconf 60' lang='lat' dir='ltr'><strong>arad]</strong></span> <span class='ocrx_word' id='word_1_240' title='bbox 477 3532 700 3583; x_wconf 75' lang='lat' dir='ltr'><strong>Quemadmodum</strong></span> <span class='ocrx_word' id='word_1_241' title='bbox 739 3531 834 3582; x_wconf 88' lang='lat' dir='ltr'><strong>mereri</strong></span> <span class='ocrx_word' id='word_1_242' title='bbox 858 3532 927 3582; x_wconf 88' lang='lat' dir='ltr'><strong>iuter</strong></span> <span class='ocrx_word' id='word_1_243' title='bbox 954 3545 1042 3581; x_wconf 86' lang='lat' dir='ltr'><strong>omncs</strong></span> <span class='ocrx_word' id='word_1_244' title='bbox 1071 3527 1266 3592; x_wconf 63' lang='lat' dir='ltr'><strong>conveniebat)</strong></span> 
     </span>
     <span class='ocr_line' id='line_1_32' title="bbox 174 3605 1266 3672; baseline -0.002 -16"><span class='ocrx_word' id='word_1_245' title='bbox 174 3607 200 3656; x_wconf 93' lang='lat' dir='ltr'><strong>in</strong></span> <span class='ocrx_word' id='word_1_246' title='bbox 212 3607 298 3670; x_wconf 74' lang='lat' dir='ltr'><strong>legum</strong></span> <span class='ocrx_word' id='word_1_247' title='bbox 308 3605 481 3668; x_wconf 81' lang='lat' dir='ltr'><strong>ferendarum,</strong></span> <span class='ocrx_word' id='word_1_248' title='bbox 496 3609 535 3658; x_wconf 88' lang='lat' dir='ltr'><strong>ita</strong></span> <span class='ocrx_word' id='word_1_249' title='bbox 550 3609 576 3657; x_wconf 89' lang='lat' dir='ltr'><strong>in</strong></span> <span class='ocrx_word' id='word_1_250' title='bbox 588 3609 699 3671; x_wconf 86' lang='lat' dir='ltr'><strong>jndicio-</strong></span> <span class='ocrx_word' id='word_1_251' title='bbox 739 3606 785 3658; x_wconf 89' lang='lat' dir='ltr'><strong>aed</strong></span> <span class='ocrx_word' id='word_1_252' title='bbox 795 3606 862 3672; x_wconf 84' lang='lat' dir='ltr'><strong>quod</strong></span> <span class='ocrx_word' id='word_1_253' title='bbox 871 3623 941 3658; x_wconf 85' lang='lat' dir='ltr'><strong>exeo</strong></span> <span class='ocrx_word' id='word_1_254' title='bbox 947 3610 1013 3672; x_wconf 84' lang='lat' dir='ltr'><strong>ioco,</strong></span> <span class='ocrx_word' id='word_1_255' title='bbox 1021 3607 1064 3656; x_wconf 89' lang='lat' dir='ltr'><strong>nbi</strong></span> <span class='ocrx_word' id='word_1_256' title='bbox 1069 3605 1196 3671; x_wconf 84' lang='lat' dir='ltr'><strong>judicium</strong></span> <span class='ocrx_word' id='word_1_257' title='bbox 1205 3619 1266 3667; x_wconf 86' lang='lat' dir='ltr'><strong>per·</strong></span> 
     </span>
     <span class='ocr_line' id='line_1_33' title="bbox 173 3681 1265 3748; baseline -0.002 -16"><span class='ocrx_word' id='word_1_258' title='bbox 173 3696 229 3732; x_wconf 90' lang='lat' dir='ltr'><strong>rurn</strong></span> <span class='ocrx_word' id='word_1_259' title='bbox 251 3681 361 3732; x_wconf 83' lang='lat' dir='ltr'><strong>comitiis</strong></span> <span class='ocrx_word' id='word_1_260' title='bbox 384 3683 557 3732; x_wconf 88' lang='lat' dir='ltr'><strong>trinnndinum</strong></span> <span class='ocrx_word' id='word_1_261' title='bbox 582 3683 700 3732; x_wconf 87' lang='lat' dir='ltr'><strong>serraba·</strong></span> <span class='ocrx_word' id='word_1_262' title='bbox 739 3683 876 3747; x_wconf 76' lang='lat' dir='ltr'><strong>agebatur,</strong></span> <span class='ocrx_word' id='word_1_263' title='bbox 892 3684 998 3748; x_wconf 88' lang='lat' dir='ltr'><strong>(nempe</strong></span> <span class='ocrx_word' id='word_1_264' title='bbox 1019 3697 1052 3733; x_wconf 85' lang='lat' dir='ltr'><strong>ea</strong></span> <span class='ocrx_word' id='word_1_265' title='bbox 1072 3683 1170 3745; x_wconf 82' lang='lat' dir='ltr'><strong>Campo</strong></span> <span class='ocrx_word' id='word_1_266' title='bbox 1193 3681 1265 3731; x_wconf 83' lang='lat' dir='ltr'><strong>Mar·</strong></span> 
     </span>
     <span class='ocr_line' id='line_1_34' title="bbox 174 3751 1266 3822; baseline -0.004 -12"><span class='ocrx_word' id='word_1_267' title='bbox 174 3767 225 3810; x_wconf 89' lang='lat' dir='ltr'><strong>tur.</strong></span> <span class='ocrx_word' id='word_1_268' title='bbox 246 3758 338 3808; x_wconf 69' lang='lat' dir='ltr'><strong>&#39;tribur</strong></span> <span class='ocrx_word' id='word_1_269' title='bbox 350 3760 417 3808; x_wconf 84' lang='lat' dir='ltr'><strong>enim</strong></span> <span class='ocrx_word' id='word_1_270' title='bbox 429 3751 598 3810; x_wconf 77' lang='lat' dir='ltr'><strong>nundinarum</strong></span> <span class='ocrx_word' id='word_1_271' title='bbox 610 3761 699 3810; x_wconf 86' lang='lat' dir='ltr'><strong>diebus</strong></span> <span class='ocrx_word' id='word_1_272' title='bbox 739 3761 785 3822; x_wconf 85' lang='lat' dir='ltr'><strong>tio,</strong></span> <span class='ocrx_word' id='word_1_273' title='bbox 807 3761 905 3810; x_wconf 81' lang='lat' dir='ltr'><strong>solenni</strong></span> <span class='ocrx_word' id='word_1_274' title='bbox 925 3762 1128 3810; x_wconf 78' lang='lat' dir='ltr'><strong>centuriatorum</strong></span> <span class='ocrx_word' id='word_1_275' title='bbox 1138 3758 1266 3808; x_wconf 84' lang='lat' dir='ltr'><strong>&#39;comitio-</strong></span> 
     </span>
     <span class='ocr_line' id='line_1_35' title="bbox 173 3832 1266 3901; baseline -0.002 -17"><span class='ocrx_word' id='word_1_276' title='bbox 173 3835 305 3884; x_wconf 83' lang='lat' dir='ltr'><strong>accurrtio</strong></span> <span class='ocrx_word' id='word_1_277' title='bbox 317 3834 485 3899; x_wconf 77' lang='lat' dir='ltr'><strong>repetebatur</strong></span> <span class='ocrx_word' id='word_1_278' title='bbox 500 3837 532 3885; x_wconf 84' lang='lat' dir='ltr'><strong>ad</strong></span> <span class='ocrx_word' id='word_1_279' title='bbox 550 3839 699 3901; x_wconf 84' lang='lat' dir='ltr'><strong>poputuma</strong></span> <span class='ocrx_word' id='word_1_280' title='bbox 739 3833 888 3897; x_wconf 85' lang='lat' dir='ltr'><strong>rumrede.)</strong></span> <span class='ocrx_word' id='word_1_281' title='bbox 898 3836 1092 3899; x_wconf 83' lang='lat' dir='ltr'><strong>conspiceretur</strong></span> <span class='ocrx_word' id='word_1_282' title='bbox 1100 3832 1266 3896; x_wconf 73' lang='lat' dir='ltr'><strong>Capitolium,</strong></span> 
     </span>
     <span class='ocr_line' id='line_1_36' title="bbox 173 3907 1266 3978; baseline 0.007 -17"><span class='ocrx_word' id='word_1_283' title='bbox 173 3913 342 3975; x_wconf 72' lang='lat' dir='ltr'><strong>magistratu3</strong></span> <span class='ocrx_word' id='word_1_284' title='bbox 366 3912 557 3974; x_wconf 79' lang='lat' dir='ltr'><strong>praedicebatur</strong></span> <span class='ocrx_word' id='word_1_285' title='bbox 575 3915 637 3969; x_wconf 85' lang='lat' dir='ltr'><strong>dies,</strong></span> <span class='ocrx_word' id='word_1_286' title='bbox 649 3929 701 3978; x_wconf 88' lang='lat' dir='ltr'><strong>qua</strong></span> <span class='ocrx_word' id='word_1_287' title='bbox 738 3910 806 3974; x_wconf 90' lang='lat' dir='ltr'><strong>qnod</strong></span> <span class='ocrx_word' id='word_1_288' title='bbox 824 3910 935 3960; x_wconf 87' lang='lat' dir='ltr'><strong>Manlius</strong></span> <span class='ocrx_word' id='word_1_289' title='bbox 952 3910 1119 3968; x_wconf 71' lang='lat' dir='ltr'><strong>detenderet,</strong></span> <span class='ocrx_word' id='word_1_290' title='bbox 1133 3915 1211 3971; x_wconf 61' lang='lat' dir='ltr'><strong>&#39;tiu‘</strong></span> <span class='ocrx_word' id='word_1_291' title='bbox 1228 3907 1266 3956; x_wconf 60' lang='lat' dir='ltr'><strong>id·</strong></span> 
     </span>
     <span class='ocr_line' id='line_1_37' title="bbox 169 3985 1151 4054; baseline -0.003 -20"><span class='ocrx_word' id='word_1_292' title='bbox 169 3986 296 4049; x_wconf 85' lang='lat' dir='ltr'><strong>judicium</strong></span> <span class='ocrx_word' id='word_1_293' title='bbox 306 3985 419 4035; x_wconf 78' lang='lat' dir='ltr'><strong>futurum</strong></span> <span class='ocrx_word' id='word_1_294' title='bbox 433 3996 522 4050; x_wconf 76' lang='lat' dir='ltr'><strong>postea</strong></span> <span class='ocrx_word' id='word_1_295' title='bbox 533 3997 613 4050; x_wconf 85' lang='lat' dir='ltr'><strong>esset,</strong></span> <span class='ocrx_word' id='word_1_296' title='bbox 623 4005 697 4054; x_wconf 83' lang='lat' dir='ltr'><strong>quar·</strong></span> <span class='ocrx_word' id='word_1_297' title='bbox 740 3987 809 4034; x_wconf 89' lang='lat' dir='ltr'><strong>circo</strong></span> <span class='ocrx_word' id='word_1_298' title='bbox 821 3986 897 4034; x_wconf 79' lang='lat' dir='ltr'><strong>venia</strong></span> <span class='ocrx_word' id='word_1_299' title='bbox 908 3985 1002 4048; x_wconf 79' lang='lat' dir='ltr'><strong>dignor</strong></span> <span class='ocrx_word' id='word_1_300' title='bbox 1012 3985 1151 4033; x_wconf 85' lang='lat' dir='ltr'><strong>rideretur.</strong></span> 
     </span>
     <span class='ocr_line' id='line_1_38' title="bbox 173 4060 1263 4127; baseline -0.003 -17"><span class='ocrx_word' id='word_1_301' title='bbox 173 4068 201 4110; x_wconf 86' lang='lat' dir='ltr'><strong>ta</strong></span> <span class='ocrx_word' id='word_1_302' title='bbox 217 4062 397 4111; x_wconf 74' lang='lat' dir='ltr'><strong>accuratione:</strong></span> <span class='ocrx_word' id='word_1_303' title='bbox 415 4063 483 4127; x_wconf 89' lang='lat' dir='ltr'><strong>quod</strong></span> <span class='ocrx_word' id='word_1_304' title='bbox 501 4079 533 4112; x_wconf 85' lang='lat' dir='ltr'><strong>ex</strong></span> <span class='ocrx_word' id='word_1_305' title='bbox 549 4064 603 4114; x_wconf 78' lang='lat' dir='ltr'><strong>cie.</strong></span> <span class='ocrx_word' id='word_1_306' title='bbox 620 4065 697 4115; x_wconf 87' lang='lat' dir='ltr'><strong>dirci-</strong></span> <span class='ocrx_word' id='word_1_307' title='bbox 769 4071 780 4098; x_wconf 68' lang='lat'>⁸</span> <span class='ocrx_word' id='word_1_308' title='bbox 798 4063 869 4112; x_wconf 78' lang='lat' dir='ltr'><strong>Dono</strong></span> <span class='ocrx_word' id='word_1_309' title='bbox 878 4060 1263 4125; x_wconf 65' lang='lat' dir='ltr'><strong>imperatoriamqueungtrra]</strong></span> 
     </span>
     <span class='ocr_line' id='line_1_39' title="bbox 172 4135 1262 4199; baseline -0.001 -15"><span class='ocrx_word' id='word_1_310' title='bbox 172 4150 230 4186; x_wconf 85' lang='lat' dir='ltr'><strong>mua</strong></span> <span class='ocrx_word' id='word_1_311' title='bbox 240 4136 266 4184; x_wconf 91' lang='lat' dir='ltr'><strong>in</strong></span> <span class='ocrx_word' id='word_1_312' title='bbox 277 4135 395 4185; x_wconf 86' lang='lat' dir='ltr'><strong>oratione</strong></span> <span class='ocrx_word' id='word_1_313' title='bbox 405 4150 453 4199; x_wconf 89' lang='lat' dir='ltr'><strong>pro</strong></span> <span class='ocrx_word' id='word_1_314' title='bbox 464 4136 540 4186; x_wconf 89' lang='lat' dir='ltr'><strong>domo</strong></span> <span class='ocrx_word' id='word_1_315' title='bbox 550 4153 606 4188; x_wconf 86' lang='lat' dir='ltr'><strong>sna.</strong></span> <span class='ocrx_word' id='word_1_316' title='bbox 738 4138 812 4190; x_wconf 83' lang='lat' dir='ltr'><strong>Livio</strong></span> <span class='ocrx_word' id='word_1_317' title='bbox 834 4153 881 4186; x_wconf 90' lang='lat' dir='ltr'><strong>nec</strong></span> <span class='ocrx_word' id='word_1_318' title='bbox 901 4152 960 4186; x_wconf 87' lang='lat' dir='ltr'><strong>cnm</strong></span> <span class='ocrx_word' id='word_1_319' title='bbox 980 4137 1116 4196; x_wconf 84' lang='lat' dir='ltr'><strong>Cicerone,</strong></span> <span class='ocrx_word' id='word_1_320' title='bbox 1135 4149 1185 4184; x_wconf 88' lang='lat' dir='ltr'><strong>nec</strong></span> <span class='ocrx_word' id='word_1_321' title='bbox 1203 4148 1262 4183; x_wconf 86' lang='lat' dir='ltr'><strong>corn</strong></span> 
     </span>
    </p>

    <p class='ocr_par' dir='ltr' id='par_1_7' title="bbox 173 4209 1263 4354">
     <span class='ocr_line' id='line_1_40' title="bbox 207 4209 1263 4276; baseline 0.001 -18"><span class='ocrx_word' id='word_1_322' title='bbox 207 4209 219 4244; x_wconf 58' lang='grc' dir='ltr'><strong><em>Β</em></strong></span> <span class='ocrx_word' id='word_1_323' title='bbox 230 4211 286 4262; x_wconf 83' lang='lat' dir='ltr'><strong>Noa</strong></span> <span class='ocrx_word' id='word_1_324' title='bbox 294 4213 321 4262; x_wconf 81' lang='lat' dir='ltr'><strong>ia</strong></span> <span class='ocrx_word' id='word_1_325' title='bbox 330 4225 410 4273; x_wconf 73' lang='lat' dir='ltr'><strong>muru,</strong></span> <span class='ocrx_word' id='word_1_326' title='bbox 420 4212 655 4276; x_wconf 62' lang='lat' dir='ltr'><strong>scutarinensium]</strong></span> <span class='ocrx_word' id='word_1_327' title='bbox 668 4213 697 4263; x_wconf 84' lang='lat' dir='ltr'><strong>{n</strong></span> <span class='ocrx_word' id='word_1_328' title='bbox 738 4215 825 4265; x_wconf 82' lang='lat' dir='ltr'><strong>Plinio</strong></span> <span class='ocrx_word' id='word_1_329' title='bbox 840 4214 904 4264; x_wconf 84' lang='lat' dir='ltr'><strong>satir</strong></span> <span class='ocrx_word' id='word_1_330' title='bbox 916 4215 1065 4270; x_wconf 79' lang='lat' dir='ltr'><strong>contenire,</strong></span> <span class='ocrx_word' id='word_1_331' title='bbox 1076 4213 1102 4261; x_wconf 87' lang='lat' dir='ltr'><strong>in</strong></span> <span class='ocrx_word' id='word_1_332' title='bbox 1113 4210 1206 4260; x_wconf 83' lang='lat' dir='ltr'><strong>Manlii</strong></span> <span class='ocrx_word' id='word_1_333' title='bbox 1217 4210 1263 4260; x_wconf 90' lang='lat' dir='ltr'><strong>do·</strong></span> 
     </span>
     <span class='ocr_line' id='line_1_41' title="bbox 173 4284 1263 4354; baseline -0.001 -18"><span class='ocrx_word' id='word_1_334' title='bbox 173 4284 317 4337; x_wconf 87' lang='lat' dir='ltr'><strong>damnando</strong></span> <span class='ocrx_word' id='word_1_335' title='bbox 338 4287 437 4337; x_wconf 85' lang='lat' dir='ltr'><strong>Manlio</strong></span> <span class='ocrx_word' id='word_1_336' title='bbox 459 4287 587 4351; x_wconf 84' lang='lat' dir='ltr'><strong>judicium</strong></span> <span class='ocrx_word' id='word_1_337' title='bbox 615 4289 698 4354; x_wconf 86' lang='lat' dir='ltr'><strong>plebia</strong></span> <span class='ocrx_word' id='word_1_338' title='bbox 739 4305 830 4342; x_wconf 89' lang='lat' dir='ltr'><strong>norunt</strong></span> <span class='ocrx_word' id='word_1_339' title='bbox 840 4305 957 4347; x_wconf 83' lang='lat' dir='ltr'><strong>numero,</strong></span> <span class='ocrx_word' id='word_1_340' title='bbox 973 4291 1096 4342; x_wconf 81' lang='lat' dir='ltr'><strong>observat</strong></span> <span class='ocrx_word' id='word_1_341' title='bbox 1106 4286 1263 4337; x_wconf 78' lang='lat' dir='ltr'><strong>Glareanus.</strong></span> 
     </span>
    </p>
   </div>
   <div class='ocr_carea' id='block_1_6' title="bbox 0 0 1580 4942">
    <p class='ocr_par' dir='ltr' id='par_1_8' title="bbox 0 0 1580 4942">
     <span class='ocr_line' id='line_1_42' title="bbox 0 0 1580 4942; baseline 0 3"><span class='ocrx_word' id='word_1_342' title='bbox 0 0 1580 4942; x_wconf 95' lang='lat' dir='ltr'><strong> </strong></span> 
     </span>
    </p>
   </div>
  </div>
 </body>
</html>
