3150 4942
563 444 635 494 uin.
660 442 715 493 rx.
739 443 823 493 one.
845 427 899 493 te.
1193 427 1281 495 leet

176 592 337 653 cernente
364 594 435 650 tum
459 589 606 651 maxime
629 606 737 669 prope
761 587 926 650 sumentes
947 584 1141 650 Thebarum
1154 586 1279 661 ruinas,

180 686 373 752 concionari
399 687 501 751 libere
525 688 600 751 euei
627 689 693 751 sint
716 687 894 763 hominen?
914 685 965 772 (id
982 687 1071 769 quod
1095 706 1139 750 ex
1165 707 1281 751 monu-

180 790 301 853 mentis
315 788 504 852 orationum
519 785 642 871 patet)
652 796 677 826 ¹⁰
700 787 864 853 adversus
879 808 954 853 eum
969 808 1069 852 nemo
1085 808 1127 852 ex
1141 794 1191 853 tot
1206 809 1281 871 pro·

181 890 312 952 ceribus
335 889 503 954 Romanis
518 909 637 955 vocem
660 891 802 955 liberum
824 891 990 954 missurus
1010 889 1117 954 inerit.
1163 890 1282 968 Quon-

181 990 299 1054 telibet
313 992 505 1072 magnitudo
519 991 661 1057 hominis
677 993 887 1075 concipietur
907 993 1033 1068 animo,
1047 993 1149 1055 unius
1171 998 1283 1055 tamen

182 1110 225 1154 eo
250 1091 445 1173 magnitudo
471 1093 617 1157 hominis
640 1094 714 1171 erit,
736 1093 881 1159 collecta
904 1092 1005 1177 paulo
1029 1092 1106 1177 plue
1130 1092 1244 1156 decem
1258 1102 1281 1136 ¹¹

183 1200 365 1257 annorumq
386 1193 567 1260 felicitate:
591 1216 693 1279 quem
708 1196 766 1279 qni
781 1214 823 1259 eo
837 1194 1015 1271 extollunt,
1030 1193 1120 1276 quod
1136 1196 1283 1277 populus

179 1292 369 1371 Romamne,
385 1294 446 1358 etei
462 1296 555 1359 nullo
570 1296 672 1372 bello,
687 1298 804 1360 multis
819 1304 932 1360 tumen
954 1293 1083 1378 praeliis
1098 1296 1207 1358 victus
1229 1295 1285 1372 sit,

185 1393 383 1460 Alexandro
399 1396 523 1461 nullius
536 1416 658 1480 pugneo
673 1416 740 1461 non
762 1396 912 1462 secunda
935 1396 1068 1461 fortuna
1090 1397 1198 1467 suerit,
1220 1414 1284 1458 non

186 1495 386 1579 intelligunt,
403 1516 440 1561 se
456 1496 598 1562 hominis
609 1504 635 1537 ¹²
657 1516 712 1562 res
735 1504 858 1579 gestes,
882 1505 917 1561 et
940 1499 1015 1581 ejus
1037 1497 1183 1579 juvenis,
1209 1516 1285 1559 cnm

187 1596 305 1679 populi
336 1598 410 1681 jam
440 1597 753 1680 octingentesimum
766 1606 790 1645 ¹³
823 1598 982 1663 bellantis
1009 1606 1155 1661 ennum¹
1188 1599 1285 1661 rebus

667 1761 725 1781 oen
729 1760 818 1781 ‘Olm

221 1861 252 1906 to
269 1856 385 1905 ‘Unicus
408 1857 476 1906 Flor-
491 1858 624 1908 oratirarrm
643 1860 736 1909 neritia
750 1864 826 1923 patet.
855 1856 958 1912 Scribe.
974 1858 1001 1906 id
1016 1859 1077 1919 qaod
1092 1872 1124 1906 ee
1135 1860 1289 1908 monumentis

187 1923 319 1971 oratiorum
340 1921 412 1971 editio
432 1922 516 1985 patet!
542 1922 569 1973 J.
591 1925 620 1974 F.
643 1925 825 1975 (inunum-ll
851 1924 916 1983 Lag.
936 1923 1058 1971 duodecin
1079 1922 1144 1971 Tau.
1163 1923 1288 1971 Faber.-

189 1990 220 2035 12
237 1986 407 2035 scribendum
420 1996 507 2035 monet
519 1986 606 2049 Sigon.
619 2002 651 2036 ex
671 1988 783 2037 retellb.
802 2002 826 2035 ae
837 1987 907 2035 antae
917 1985 1092 2035 tamtam—1⁸
1109 1986 1188 2034 ‘ntea
1207 1989 1288 2049 qnali-

190 2064 298 2114 eumqne
309 2050 436 2099 sententia
447 2049 699 2112 rlortingenteat'mnm
708 2053 818 2101 debetur
827 2052 913 2114 potina
925 2050 1035 2097 librariia
1043 2050 1083 2098 rel
1093 2050 1288 2111 gloeaatoribue.

192 2114 299 2165 Liviana
309 2116 508 2178 rerpicientilma
519 2123 644 2181 tempora,
658 2116 738 2183 (quod
750 2116 784 2165 ab
797 2116 822 2163 h.
832 2115 850 2164 l.
863 2111 997 2177 alienum)
1008 2114 1197 2178 legendumque
1207 2117 1289 2165 omui-

684 2268 794 2319 Nom

223 2390 236 2424 l
254 2382 395 2433 Coneionnri
403 2382 474 2432 lttere
484 2382 536 2433 nuti
547 2382 595 2433 rint
606 2382 722 2445 meter]
762 2383 872 2434 DCCC.
881 2382 992 2448 legenti·
1005 2382 1106 2433 0000.
1115 2388 1221 2431 annam?
1246 2382 1292 2431 Sle

193 2459 383 2509 Demosthenen
401 2459 563 2522 preaertimr
581 2458 624 2522 qul
636 2467 722 2508 tamen
763 2460 866 2524 quidem
878 2462 942 2510 aetia
954 2467 1079 2524 poterunt
1097 2460 1130 2509 ad
1149 2459 1293 2509 Alexandri

194 2532 367 2583 Macedonum
385 2532 410 2582 ri
427 2540 532 2583 eoaetoe
544 2540 584 2584 eet
596 2548 722 2585 venenum
763 2543 868 2585 etatem
879 2550 1033 2598 congruere,
1053 2543 1083 2585 nt
1099 2550 1159 2585 rnox
1176 2536 1293 2598 patebit;

195 2623 304 2659 tumere.
762 2610 809 2659 aed
822 2626 910 2675 parurn
927 2614 1010 2675 liquet
1021 2613 1087 2673 liene
1099 2610 1166 2676 Liuii
1179 2619 1293 2659 mentem

228 2684 333 2733 tPnulo
349 2685 403 2747 plue
422 2686 502 2735 decem
519 2685 646 2748 aeteram]
671 2685 723 2735 llio
763 2699 840 2742 ωε,-
851 2688 895 2750 qni
913 2701 1019 2751 regnum
1032 2685 1177 2735 Alexandri
1192 2684 1295 2735 confert

196 2760 321 2810 rotundne
340 2769 380 2809 eat
395 2774 534 2810 numerent
554 2775 646 2811 revere
667 2776 723 2825 reg·
764 2762 1041 2826 cumimperiopopuli
1054 2762 1170 2811 Romani.
1198 2762 1292 2825 Neque

196 2836 269 2886 navit
291 2835 441 2886 Alexander
467 2836 545 2898 paulo
567 2837 625 2899 plna
652 2837 725 2886 annia
763 2838 797 2887 ad
819 2838 965 2887 inetitntnm
987 2848 1131 2886 termonem
1153 2834 1218 2885 sarit
1240 2846 1295 2887 tant

197 2910 334 2961 duodeelm
352 2909 385 2959 ab
397 2909 470 2961 obitu
481 2910 607 2975 Philippi,
625 2912 651 2961 iu
668 2913 723 2961 lla·
764 2912 869 2973 lenum
890 2913 1016 2975 temporie
1034 2912 1147 2976 epatium
1169 2927 1220 2975 quo
1242 2912 1295 2962 Ro·

198 2986 307 3035 eedoma
329 2986 449 3048 primum,
475 2986 568 3037 deinde
595 2988 673 3037 etiam
698 2988 725 3037 iu
766 2988 834 3035 rnaai
857 2988 925 3035 bella
950 2995 1093 3049 generunt.
1128 2987 1297 3050 inspicienda

199 3061 273 3112 Aria.
306 3061 410 3111 Etenim
428 3077 471 3112 an·
486 3067 527 3111 tt.
545 3073 668 3113 currente
681 3078 726 3113 ex·
767 3060 893 3110 duntaxat
910 3060 1051 3110 Alexandri
1066 3068 1140 3123 atax,
1160 3077 1211 3125 qua
1231 3064 1297 3111 vixit

199 3142 355 3193 tinetneeat.
388 3144 423 3192 Et
435 3158 468 3193 ex
480 3156 512 3193 eo
524 3144 728 3208 quadrennium,
768 3146 813 3187 ant
832 3138 920 3185 vivere
940 3136 1036 3199 willit-
1068 3134 1128 3184 ΗΜ
1149 3149 1210 3183 '⁸¹⁰
1231 3144 1295 3185 ltm-

200 3218 297 3281 ‘qnam
314 3220 340 3267 in
358 3226 435 3268 etate
448 3218 573 3267 tredecim
585 3216 728 3281 annornm,'
769 3229 861 3277 pornrn
872 3214 1010 3263 interuallo
1021 3227 1073 3262 non
1089 3212 1168 3261 remei
1180 3213 1298 3274 eGallle‚

200 3294 414 3355 faeileaddncor,
426 3302 456 3344 nt
468 3294 509 3343 late
526 3294 664 3357 legendum
682 3308 728 3358 pn·
769 3306 785 3340 a
806 3289 976 3344 Samriitiboa,
1001 3304 1017 3339 a
1037 3288 1139 3352 Pyrrho
1160 3289 1222 3339 vieti
1247 3291 1298 3339 Ro·

202 3378 267 3432 tem,
280 3373 350 3432 puato
358 3372 411 3434 plue
424 3369 491 3419 xit.
501 3384 623 3419 mamam.
769 3368 847 3416 ruant.

236 3446 313 3495 Paeto
336 3448 392 3509 plau
424 3447 504 3496 daem
534 3445 660 3509 meram]
693 3444 731 3495 At
805 3440 1045 3504 Ostiumudnam]
1071 3440 1100 3491 Si
1122 3455 1243 3491 numeret
1266 3442 1300 3491 ab

204 3522 283 3585 paulo
295 3520 363 3571 infra
375 3528 381 3551 ¹
393 3520 520 3571 tredecim
531 3520 625 3571 annoa'
640 3521 731 3570 tribuit
771 3519 874 3569 exettto
893 3518 992 3582 Troje,
1013 3529 1093 3566 annue
1112 3518 1203 3566 morti·
1218 3517 1301 3567 Alea-

194 3594 361 3645 ‚Alexandro
381 3594 731 3658 sterepettvtnarotnndta
771 3593 846 3642 andri
856 3593 885 3641 in
896 3606 988 3641 annum
1000 3596 1059 3642 etl.
1075 3608 1108 3642 ex
1123 3592 1301 3643 Bourieno-
1346 3635 1350 3639 ,

206 3672 319 3721 nnureria
331 3674 423 3721 utitur.
439 3672 469 3722 d.
482 3670 597 3721 cumeae.
772 3669 860 3719 deellt
880 3670 984 3718 ealenlo
1004 3668 1105 3719 ineidlt.
1143 3669 1197 3719 Sed
1217 3669 1302 3717 eredi-

239 3752 249 3780 ¹
263 3749 322 3797 dart
332 3747 550 3809 octingentesima
563 3747 673 3797 mlloatia
690 3763 733 3797 ax·
773 3746 855 3796 derina
867 3744 979 3806 latrina,
987 3745 1031 3809 qni
1044 3746 1108 3793 vixit
1116 3743 1302 3793 madiooetaro

203 3823 274 3887 aeae]
291 3824 342 3875 tlte
362 3824 511 3873 nereaaaria
529 3832 587 3873 eret
606 3824 734 3887 particule
775 3829 835 3885 poet
852 3820 984 3869 conditam
1000 3818 1098 3869 Urbem
1116 3819 1222 3872 autento,
1244 3831 1303 3879 per·

198 3900 269 3961 fere:
288 3914 347 3950 narn
365 3914 399 3948 ne
418 3898 472 3949 rita
490 3898 594 3962 quidem
611 3898 734 3949 Auctorir
774 3906 879 3960 petuam
890 3895 980 3959 popnll
993 3893 1102 3943 Romani
1119 3890 1248 3941 fortunam
1268 3894 1303 3941 ad

206 3975 240 4024 ad
248 3974 491 4037 octingentesimum
504 3975 537 4024 alr
546 3973 618 4025 Urbe
628 3974 736 4025 eondita
775 3984 914 4034 annuaque
931 3979 1049 4031 tempora
1066 3966 1177 4016 volutare
1190 3966 1305 4017 conferri
1395 4019 1398 4023 A

207 4064 303 4101 annum
322 4050 459 4113 perrenit;
481 4064 563 4115 eoque
582 4051 657 4101 ducit
675 4064 735 4100 eon·
775 4062 835 4097 enm
852 4044 981 4095 breuitate
1000 4042 1060 4092 alte
1072 4040 1224 4089 Alexandri.
1251 4042 1304 4092 lta·

203 4127 307 4187 jectura
318 4132 357 4186 nt,
368 4138 427 4175 eum
437 4125 494 4175 lane
505 4124 641 4188 auritteret,
657 4128 736 4189 triga·
776 4135 828 4185 que
837 4134 889 4169 non
900 4127 942 4168 eat
953 4117 1090 4179 legendnm
1101 4117 1153 4181 trie,
1172 4132 1220 4180 pro
1229 4119 1304 4169 ortia-

209 4203 288 4249 aimoa
307 4206 409 4251 tantum
425 4213 506 4250 annor
519 4200 597 4251 Urble
615 4208 739 4263 ageretur
775 4196 917 4259 emmim,
934 4192 1155 4255 ermenteriarum,
1174 4200 1203 4241 nt
1215 4196 1307 4245 volunt
1379 4224 1382 4229 -

212 4290 291 4338 anpra
311 4276 579 4339 reptingenteaimum.
612 4276 653 4325 An
676 4290 739 4327 vero
780 4271 911 4332 nonnulli;
922 4284 980 4319 uam
992 4270 1074 4333 quinti
1086 4270 1173 4319 eaeeoli
1184 4270 1217 4321 ab
1227 4272 1261 4321 U.
1273 4271 1305 4320 C.

211 4350 373 4404 admittenda
381 4352 448 4402 'l‘em
461 4350 536 4403 Fabri
545 4351 683 4419 eorreetio,
692 4366 740 4417 pro
781 4355 874 4415 quarta
895 4360 956 4413 pare
977 4345 1105 4395 duntaxat
1129 4350 1187 4395 erat
1210 4346 1308 4410 alapae,
