3150 4942
579 407 653 456 ura.
677 407 746 454 vir.
768 405 851 454 oar.
872 389 905 454 2.
1206 391 1293 458 tuti)

197 547 430 626 saturninum
444 546 511 612 alia
525 547 673 612 coelestis
686 548 745 612 irae
760 546 953 629 placamina
970 547 1111 612 instituti
1125 549 1291 617 dicuntur.

199 651 353 715 Ceterum
366 668 471 732 parva
482 655 639 732 quoqne⁷
660 646 716 731 (ut
730 649 832 712 fermo
853 649 1038 732 principiat
1059 649 1189 730 omnia)
1202 658 1236 716 et
1250 672 1292 718 ea

199 753 277 832 ipsa
292 751 528 834 peregrinares
546 750 620 813 fuit.
664 751 744 816 Sine
771 751 919 814 carmine
945 751 1042 828 uiio‚‘¹
1063 752 1137 816 sine
1160 754 1291 819 imitan-

198 851 312 916 dorum
329 851 506 915 carminum
522 861 613 928 aotu,
627 851 778 916 ludiones
792 870 836 916 cx
853 850 987 916 Etruria
1005 853 1118 930 acciti,
1145 855 1188 919 ad
1213 856 1294 920 tibi·
1335 867 1339 874 '

199 953 285 1016 cinis
300 951 421 1016 modos
435 953 605 1028 saltantes,
616 951 705 1017 hand
724 953 898 1017 indecoros
912 959 1046 1026 moins'
1067 975 1157 1019 more
1176 955 1293 1021 Tusco

199 1053 333 1118 dabant.
365 1052 492 1116 Imitari
504 1052 622 1117 deiude
636 1073 698 1118 eos
706 1053 881 1136 juventus,
895 1054 997 1119 simui
1011 1056 1191 1120 inconditis
1205 1056 1292 1121 inter

199 1174 237 1218 se
260 1152 429 1236 jocularia
450 1152 624 1219 fundentes
647 1151 826 1230 versibus,⁸
846 1175 1002 1240 coepero:
1025 1175 1088 1221 nec
1116 1159 1237 1222 absoni
1272 1176 1294 1220 a

199 1273 283 1320 voce
297 1259 410 1317 motus
425 1261 527 1319 erant.
552 1253 705 1340 Accepta
718 1257 833 1340 itaque
847 1275 912 1335 res,
923 1259 1119 1342 saepiusque
1130 1278 1294 1341 usurpan-

199 1355 242 1418 do
257 1356 418 1418 excitata.
462 1353 660 1420 Vernaculis
683 1357 894 1436 artificibns‚¹
913 1359 1015 1442 quia⁸
1037 1359 1156 1422 hister⁸
1175 1360 1293 1424 Tusco

201 1457 305 1520 verbo
328 1456 423 1520 ludio
448 1459 641 1534 vocabatur,
666 1477 784 1522 nomen
808 1459 1024 1524 histrionibus
1051 1459 1212 1525 inditum:
1235 1461 1294 1544 qni

201 1575 276 1634 non,
292 1558 381 1620 sicut
396 1561 485 1635 ante,
502 1557 710 1622 Fescennino
724 1567 866 1623 versuss’
880 1560 1020 1624 similem
1036 1561 1294 1644 incompositum

231 1731 245 1767 ⁴
261 1733 406 1784 Latiaribus
415 1735 519 1793 Lotiuir,
528 1749 570 1786 eea
582 1735 696 1784 firmauit
706 1735 746 1799 qni
756 1735 816 1784 iore
824 1740 901 1785 arten
911 1739 1057 1784 exercerent.

233 1804 243 1829 ‘
260 1799 373 1848 Coruino
383 1799 496 1864 enipi-ire,
507 1800 737 1863 quaereremur
747 1805 772 1849 et
781 1799 956 1862 conplebantur
963 1799 1055 1859 adjecto
1065 1797 1231 1847 modulatione.

233 2045 250 2090 d
266 2041 309 2091 ut.
322 2041 468 2092 Petico—'t
486 2041 559 2090 ‘Pro
577 2058 666 2106 quoque
684 2042 752 2093 forte
770 2043 821 2104 lep.
837 2042 939 2106 quidem
958 2039 1150 2102 delendumque
1162 2044 1187 2087 et
1198 2043 1259 2114 ente
1270 2053 1300 2088 ee

200 2104 270 2168 ipre)
286 2106 431 2155 Burren-ii
448 2107 567 2169 ‘Lagare
578 2109 678 2170 gestio:
696 2106 828 2157 extrem
844 2105 976 2154 anneta
985 2101 1127 2178 ertiflcitue,
1138 2106 1171 2163 et,
1181 2110 1300 2177 peruret.

202 2171 243 2219 rei
251 2183 279 2218 re
340 2203 347 2218 .
358 2169 490 2220 exuritur
499 2185 523 2220 o.
534 2186 557 2220 ι.
568 2171 625 2234 quta
635 2169 695 2222 eet.'
712 2171 809 2220 Bauer.
837 2169 891 2218 Pro
902 2169 977 2217 brier
987 2166 1092 2232 qaudam
1101 2165 1160 2215 hirti
1171 2167 1298 2219 imru.-

691 2313 802 2366 NOTAE

233 2417 247 2452 Ρ
263 2411 476 2470 Peren...serrue
492 2411 622 2476 principie]
642 2412 729 2476 Oripi·
773 2409 927 2474 nuptialium
945 2424 1026 2472 genno
1041 2407 1209 2459 aFetcennia
1222 2405 1301 2454 Etru·

202 2499 260 2536 netu
274 2495 301 2535 et
319 2486 396 2536 ritum
414 2489 512 2536 veteris
531 2486 676 2551 tragoedia,
687 2502 729 2536 co·
771 2486 816 2536 riu
828 2487 890 2535 urbe
901 2500 994 2534 nornen
1009 2486 1100 2540 traxit,
1116 2497 1193 2547 quarn
1205 2483 1303 2532 Ciure·

202 2560 312 2621 moediae,
331 2563 416 2611 urtiroe
436 2560 503 2625 apud
517 2562 623 2612 Grecos
635 2563 732 2613 indicat
771 2563 823 2611 riui
835 2576 887 2612 non
900 2563 987 2624 procui
998 2561 1085 2610 'liberi
1096 2555 1242 2609 locattnt'ra
1255 2557 1300 2606 Fa·

203 2633 298 2684 Horat.
306 2636 332 2684 in
341 2635 455 2698 epistola
463 2635 498 2686 ed
505 2637 615 2688 Pirouen
627 2637 658 2687 de
667 2636 732 2688 Arte
770 2636 866 2697 lerion
884 2636 1080 2699 inspiraturque
1097 2649 1128 2683 eo
1148 2634 1196 2682 toci
1212 2630 1304 2692 furiare,

202 2709 283 2760 Po'e't.
770 2712 815 2762 ubi
837 2712 1015 2776 antiquissima
1043 2710 1162 2759 ruderum
1191 2707 1302 2769 vestigia

233 2794 247 2830 ‘t
262 2787 321 2837 Siue
330 2788 435 2838 carmine
444 2787 504 2851 ulio]
515 2787 552 2839 Ar
563 2788 651 2838 Vaier.
660 2788 732 2838 dier.
770 2796 864 2837 entire
874 2795 949 2836 notnt
960 2785 1021 2835 Aut.
1032 2787 1123 2835 Μιιιι
1136 2787 1207 2833 1800.
1220 2782 1302 2845 paeri·

201 2861 246 2911 tib.
259 2876 289 2912 ιι.
301 2877 359 2928 cap.
371 2869 395 2913 t.
405 2865 452 2913 troc
465 2865 519 2928 ipro
531 2879 598 2914 nuno
610 2864 732 2928 poputum
771 2863 819 2912 bna
838 2863 871 2912 ab
892 2863 992 2926 oppido
1014 2861 1084 2925 quod
1107 2875 1176 2909 nunc
1197 2859 1301 2908 Goiteri.

202 2937 365 2988 ‘Romanurn
381 2939 501 3003 placendi
517 2940 632 2989 coeleetir
650 2940 732 2988 nunri-
770 2936 856 2992 utam
878 2951 981 3002 quoqne
1003 2935 1224 2984 Fescenninorum
1243 2941 1300 2993 ety-

203 3012 243 3060 nir
254 3014 506 3078 gratia’(egreginnr
517 3015 733 3077 scilicetpiacen-
770 3014 906 3075 notoriam
927 3012 1022 3060 Fertur
1040 3006 1128 3068 effert,
1146 3020 1160 3053 a
1181 3005 1304 3066 Fucino,

204 3084 231 3134 dt
243 3085 349 3152 ςοιιιιι)ι
363 3089 513 3152 compositis
522 3089 678 3140 carminibus
691 3104 734 3138 ra·
771 3087 840 3151 quod
863 3099 952 3134 arcere
976 3084 1136 3147 putabantur
1158 3079 1184 3130 tu
1203 3094 1302 3134 renus.

204 3173 267 3212 cun
279 3176 352 3211 auree
361 3165 502 3226 prebuisse
512 3163 519 3187 '
531 3164 630 3213 scribit.
658 3163 733 3214 sumt·
772 3162 841 3210 omni
849 3161 984 3210 verborum
992 3160 1097 3208 licentia
1106 3155 1302 3220 petutrutiaque

205 3235 254 3286 lior
265 3244 350 3286 tamen
363 3253 425 3288 vero
437 3239 503 3288 Livii
515 3239 641 3288 narretio.
772 3235 872 3286 referti.
905 3235 958 3284 Hic
971 3248 1046 3297 porro
1058 3233 1197 3296 tegendum
1211 3246 1244 3279 er
1257 3246 1302 3278 un·

235 3318 246 3342 ¹
264 3301 467 3362 Huud'iudeeeror
477 3314 627 3378 metanda]
649 3313 733 3362 Saltu·
772 3309 849 3374 tiqui·
862 3308 998 3358 coutrita·
1010 3313 1101 3356 censet
1121 3321 1179 3354 cunr
1196 3305 1303 3367 Sigouio

205 3387 301 3436 tionem
322 3388 415 3438 nudam
443 3390 547 3438 innuit:
580 3403 627 3438 nae
652 3389 734 3450 sape
772 3386 888 3436 Gronov.
907 3381 1052 3432 Fescennino
1078 3395 1171 3430 ιιιιιιιι
1193 3380 1303 3437 timitem.

206 3464 281 3512 derce
291 3479 323 3512 en
333 3479 374 3513 ιιι
384 3467 413 3513 de
423 3467 447 3514 lo
453 3463 528 3529 fluite.
771 3461 858 3509 Fuere
869 3458 937 3523 apud
956 3458 1124 3520 Glareanunu,
1140 3456 1183 3519 φιί
1196 3470 1265 3505 nerra
1275 3455 1303 3504 iu

237 3539 395 3588 ‘Inconditir
415 3541 480 3590 iuter
500 3554 525 3588 ee
541 3538 661 3600 joeninriu
673 3538 734 3597 surr·
771 3533 851 3582 dandi
875 3548 934 3582 earu
958 3533 1063 3596 antique
1090 3532 1187 3581 dictum
1213 3545 1304 3581 cente·

204 3615 288 3663 derlee
306 3614 425 3679 mutter]
464 3616 574 3679 Species
600 3611 734 3678 haclfnit
772 3607 1304 3672 rent,intelligendonrmruniurileutrer·

205 3689 310 3754 satyrici
322 3690 508 3751 dramati53nc
520 3693 591 3740 reiut
605 3689 735 3739 rudimen·
773 3686 900 3734 tuiFeac.
970 3713 973 3720 -
1059 3727 1063 3734 .

206 3765 406 3814 tumcomoediae
420 3766 524 3816 Latinu-
807 3761 856 3816 Qui
883 3773 940 3824 aon,
967 3760 1029 3808 sieut
1056 3762 1120 3817 oute,
1144 3749 1306 3816 Fereeruiuol

237 3841 245 3873 ²
263 3839 424 3903 Quioiirter]
441 3841 499 3890 Non
519 3839 598 3903 igitur
616 3838 649 3889 ab
672 3839 733 3888 Hir·
772 3837 867 3886 Totum
879 3837 946 3885 uiroc
957 3835 1042 3885 locum
1061 3833 1165 3895 copiose
1176 3830 1302 3891 interpre-

206 3917 257 3966 trie
269 3919 374 3980 regione
385 3917 452 3968 dicti
461 3917 609 3974 trittriouea,
619 3924 647 3964 nt
656 3916 734 3967 Festo
772 3922 842 3963 tatur
859 3919 901 3962 est
922 3911 986 3961 Ger.
997 3911 1025 3961 J.
1043 3908 1150 3958 Vossius
1169 3906 1195 3956 in
1214 3905 1305 3954 lnatit.

205 3992 299 4048 virum,
323 3992 371 4041 aed
402 3991 435 4042 ab
462 3993 574 4041 Etrusco
600 3992 737 4054 vocabulo,
772 3988 897 4045 Podticie,
909 3989 926 4035 1.
938 3999 983 4035 ιιι.
1001 3999 1026 4034 c.
1038 3987 1064 4033 9.
1076 3997 1151 4047 quern
1173 3982 1240 4036 vide.
1257 3995 1305 4029 ne·

206 4067 273 4132 qnod
286 4066 382 4118 iudinrn
399 4081 445 4118 teu
464 4067 607 4118 fabularum
620 4074 734 4118 retorem
772 4077 824 4128 qne
835 4063 902 4111 enirn
912 4075 953 4110 rer
965 4060 1058 4123 paneis
1070 4059 1156 4110 verbis
1166 4057 1208 4110 irie
1223 4070 1305 4120 expe·

208 4142 345 4205 tiguitieat.
773 4139 822 4188 diri
836 4145 933 4204 postet.
949 4137 979 4188 J.
988 4137 1102 4186 curtem.

239 4217 412 4271 'Fescennino
431 4217 511 4282 verra]
539 4217 598 4267 Hoe
615 4229 736 4267 rennuunt
