3150 4942
580 372 653 421 nin.
679 370 735 423 rx.
758 358 919 425 css-17.
1209 361 1294 425 1231

192 537 269 585 cnm
279 515 472 583 Alexandro
481 516 705 582 dimicandum
720 524 804 592 erut,
816 536 930 583 senem
942 517 1103 583 riderent.
1130 517 1294 585 Militarie

192 640 298 705 opere
313 622 495 704 pugnando
509 622 643 687 obeunti
660 618 857 686 Alexandro
879 627 971 701 (nam
992 642 1034 687 ee
1054 643 1188 707 quoque
1204 624 1293 691 bend

190 723 303 787 minus
318 723 442 787 clarum
458 742 533 787 eum
555 723 698 800 iaciunt)
722 723 882 789 cessisset
903 724 1065 789 videlicet
1085 726 1120 787 in
1143 725 1218 789 acie
1232 727 1293 789 ob-

190 825 283 889 latus
307 844 369 908 par
391 822 564 889 Mentius⁶
586 824 795 906 Torquatus,
819 832 878 890 aut
892 824 1052 891 Valerius
1066 824 1218 903 Gerros,¹
1240 828 1293 891 in·

190 927 304 1009 signes
320 933 398 991 aute
412 926 544 1006 milites,
560 946 660 1009 quarn
682 927 807 991 duces:
831 929 1016 993 cessissent
1030 928 1141 1005 Decii,
1157 929 1291 994 devotis

188 1028 388 1111 corporibus
411 1029 444 1091 in
468 1028 596 1093 hostem
620 1035 773 1093 ruentes:
798 1032 957 1095 cessisset
978 1030 1138 1115 Papirius
1153 1030 1291 1109 Cursor,

188 1127 249 1191 illo
265 1130 413 1212 corporis
427 1131 556 1207 robore,
568 1129 629 1193 illc
641 1130 757 1193 animi:
775 1130 887 1195 victus
898 1139 988 1195 esset
998 1132 1150 1196 consiliis
1155 1132 1291 1215 juvenis

189 1228 298 1303 nnius,
321 1248 362 1293 ne
386 1230 534 1311 singulos
559 1232 737 1307 nominem,
762 1239 901 1297 senatus
925 1233 1114 1316 illaqueer
1138 1234 1198 1317 qni
1220 1239 1291 1297 ‘ex

187 1331 319 1413 regibus
332 1339 352 1365 '¹¹
381 1330 554 1397 constare'
579 1332 676 1408 dixit,
707 1352 793 1396 unns
823 1351 934 1397 veram
960 1336 1110 1417 speciem
1142 1334 1290 1399 Romani

187 1439 323 1497 mustus
336 1434 435 1516 cepit.
479 1432 520 1497 Id
534 1452 616 1497 vero
631 1441 702 1497 erat
717 1434 913 1518 pericnlum,
928 1454 970 1498 ne
996 1437 1165 1513 solertius,
1188 1456 1290 1520 qnam

186 1534 328 1617 quilibet
342 1542 447 1599 nnns¹¹
462 1553 507 1599 ex
519 1537 575 1611 iis,
592 1554 675 1618 qnos
689 1537 872 1614 nominavi,
887 1538 1007 1602 castris
1017 1539 1126 1603 locum
1140 1546 1288 1621 caperet,

186 1642 392 1700 commentus
429 1638 620 1719 expediret,
657 1640 701 1702 ab
738 1637 871 1703 insidiis
899 1648 1115 1722 precaveret,
1153 1648 1289 1723 tempus

184 1754 306 1821 pugnae
320 1736 492 1820 deligeret,
515 1740 622 1803 aciem
637 1740 825 1817 instrueret,
840 1741 1004 1805 subsidiis
1016 1740 1169 1806 firmaret.
1207 1741 1289 1805 Non

184 1837 284 1901 cum⁸
310 1838 416 1904 Dorio
439 1859 506 1905 rem
529 1860 604 1905 esse
630 1841 792 1919 dixisset3
815 1862 925 1927 quem,
951 1844 1127 1910 mulierum
1148 1862 1189 1907 ac
1209 1864 1288 1927 spe·

183 1938 308 2003 donum
335 1959 453 2022 agmen
482 1942 677 2021 trahentem,
706 1944 793 2007 inter
820 1962 1002 2027 purpuram
1027 1951 1128 2028 etque
1156 1964 1286 2021 aarum,

184 2050 357 2107 oneratum
370 2051 383 2095 ⁹
398 2045 540 2108 sortnnae
557 2044 775 2127 apparatibus
786 2064 868 2122 suae,
884 2044 1031 2128 praedam
1044 2047 1166 2122 verius,
1182 2064 1285 2129 qnam

182 2142 326 2223 bostem,
352 2144 434 2208 nibil
458 2145 550 2210 alind
577 2164 677 2226 qnam
704 2148 791 2209 bene
815 2166 922 2211 ansus
948 2165 1038 2211 vane
1063 2154 1285 2223 contemnere,

182 2244 374 2310 incruentus
388 2245 526 2313 devicit.
571 2246 687 2329 Longe
700 2247 808 2311 aliast
830 2246 955 2325 Italiae,
971 2266 1073 2331 quam
1088 2248 1209 2326 Indiae,
1225 2268 1286 2331 per

182 2366 282 2429 qnam
298 2348 477 2412 temulento
493 2348 622 2430 agmine
638 2347 919 2412 comissabundus
943 2348 1096 2425 incessit,
1124 2348 1219 2412 visus
1234 2349 1284 2413 illi

181 2446 315 2513 babitus
329 2456 429 2529 esset,
441 2450 547 2515 saltus
556 2448 693 2533 Apuliae
706 2469 747 2514 ec
761 2458 891 2515 montes
907 2449 1063 2515 Lucanos
1076 2451 1234 2528 cernenti,
1249 2458 1285 2517 et

639 2596 821 2617 noeentum

180 2681 229 2727 -u
248 2639 321 2743 corj.
333 2679 419 2741 stgen.
430 2678 598 2729 rectae-s
616 2680 671 2729 no
682 2680 743 2729 ees.
755 2684 870 2731 vere-e
886 2678 1178 2743 ‘marcennarius
1193 2679 1219 2728 a
1230 2694 1283 2729 om-

181 2742 256 2792 nibns
269 2758 342 2807 pene
359 2744 425 2794 Edd.
444 2753 473 2793 nt
485 2753 511 2792 et
523 2744 549 2792 in
563 2744 644 2794 Drak.
657 2751 739 2794 extet.
772 2744 824 2794 Sed
837 2746 881 2793 vix
893 2744 919 2791 in
931 2744 1030 2793 dnobus
1041 2754 1081 2791 est
1092 2744 1158 2792 Mes.
1186 2744 1232 2792 Me
1244 2744 1283 2793 its

179 2804 292 2857 effendit
303 2808 356 2858 brec
368 2823 427 2868 ros,
439 2815 467 2857 ut
479 2823 535 2858 eset
550 2809 605 2871 jem
621 2824 696 2872 paene
708 2809 806 2872 ejicere
818 2810 1012 2867 constituerem,
1024 2808 1172 2870 prinsqnsrn
1185 2807 1283 2857 blaste-

179 2885 236 2921 runr
259 2872 396 2921 lectionem
417 2872 616 2921 consuluissem:
635 2873 713 2936 qnod,
732 2888 790 2922 cnm
806 2873 845 2922 bis
862 2871 986 2921 consultis
1004 2871 1118 2921 riderem
1131 2871 1174 2919 rix
1191 2871 1217 2918 in
1229 2873 1282 2921 uile
1361 2912 1366 2919 ,

179 2950 266 2987 eornm
278 2945 378 2998 extare,
389 2938 445 2987 tine
457 2938 509 2987 ulle
520 2937 599 2985 dubie
611 2935 679 2989 ieci!
696 2937 790 2987 Stroth.
822 2938 830 2964 ‘
840 2936 956 2985 Gessium
966 2936 1086 2991 videlicet,
1102 2937 1144 2996 &a
1160 2933 1281 2997 rimaris

178 3000 291 3051 dictum
304 3002 371 3051 unde
383 3002 469 3053 deteri
482 3005 606 3065 interrog.
618 3002 692 3065 signe
704 3008 765 3064 post
776 3003 856 3062 dms,
865 3006 969 3061 reema,
980 3000 1064 3059 nimi,
1077 3007 1102 3047 et
1113 3000 1175 3059 cepit
1187 3002 1281 3061 posite.

178 3066 232 3114 Per
250 3066 363 3115 deletum
382 3082 398 3115 a
418 3068 516 3117 Strotb.
537 3066 597 3129 qnia
617 3066 660 3115 vix
677 3068 702 3115 in
714 3065 794 3115 duob.
805 3070 878 3113 extat
890 3066 953 3112 Mes.
986 3064 1038 3112 Sed
1050 3064 1210 3126 aptissimum
1222 3065 1281 3115 est’

179 3128 330 3194 liutpert-l
348 3130 390 3181 ΑΙ.
402 3146 470 3195 quern
481 3130 689 3195 pulviratico—8
706 3128 749 3182 ΑΙ.
765 3128 998 3191 Neruiorum-9
1014 3126 1056 3177 ΑΙ.
1068 3132 1215 3177 mammes.

672 3243 779 3293 NOTAE

177 3322 307 3373 velerius.
347 3322 414 3373 Nem
440 3324 471 3373 Τ.
493 3324 608 3374 Manlius
629 3324 707 3389 Torq.
747 3320 1280 3387 serumRemuridlsteprofetsutdici·

177 3402 222 3464 qui
233 3413 300 3451 enno
316 3401 347 3451 U.
363 3402 394 3451 C.
404 3405 462 3451 ⁴⁰6.
474 3404 574 3465 conset,
586 3414 635 3451 nec
645 3410 707 3450 ente
748 3408 791 3449 tur
802 3398 871 3461 apud
883 3398 956 3447 Plut.
966 3395 1112 3460 inPyrrbo⁸
1123 3396 1220 3449 Jnttio.
1232 3398 1278 3449 lib.

177 3484 292 3535 etatem,
308 3476 389 3527 fuisse
407 3479 509 3541 tegitur,
526 3492 576 3528 non
586 3486 628 3527 est
638 3476 707 3543 qnod
748 3490 831 3527 xvnr.
843 3488 902 3539 esp.
913 3478 939 3523 2.

172 3552 324 3617 ambigetur
340 3557 402 3619 quin
419 3554 503 3618 major
511 3556 584 3605 annis
593 3558 633 3605 26.
650 3568 707 3604 esse
780 3559 792 3608 t
809 3551 893 3611 hege
911 3550 981 3605 eiius.
998 3546 1055 3612 tra]
1071 3547 1109 3599 At
1127 3547 1279 3599 Alexander

176 3632 292 3693 potnerit
312 3646 369 3681 enm
392 3630 553 3682 (inmittere
575 3630 640 3681 risis
661 3644 707 3680 ex·
746 3643 805 3680 cnm
827 3627 939 3691 Grecis,
966 3627 1046 3675 etism
1064 3627 1130 3675 artis
1157 3626 1277 3675 militaris

176 3706 265 3756 cessit.
747 3704 920 3771 peritissimis,
930 3710 958 3753 et
969 3717 1028 3752 corn
1035 3702 1188 3756 ‘ibrscibua
1199 3702 1276 3752 Peo-

207 3780 215 3815 ¹
228 3783 329 3832 Ollutrts
336 3794 383 3845 per
393 3782 502 3832 Mustius
514 3781 653 3845 mutus,
663 3788 706 3833 urst
747 3775 1274 3845 nibntqu0‚bsrbsrerurnfortissimam·

178 3856 288 3907 Valerius
300 3856 403 3919 cemus]
420 3856 514 3905 Parem
524 3857 587 3907 dicit
600 3871 648 3919 pre
659 3858 705 3907 ad·
745 3858 831 3907 liciter
842 3853 990 3913 dimiserim
1006 3866 1056 3901 nec
1071 3852 1186 3900 minores
1202 3859 1278 3902 erant

174 3936 289 3983 versario
299 3932 448 3983 destinator
466 3934 634 3996 etvetutper
645 3948 705 3984 cum
744 3941 857 3995 mentes,
876 3930 991 3979 seltcsve
1008 3928 1091 3975 miuus
1108 3924 1228 3989 inpediti
1248 3930 1275 3977 iu

174 4010 395 4073 peredimiesret.
742 4007 860 4069 Tbmcis,
882 4004 1024 4066 vicinisque
1049 4002 1124 4064 locis,
1147 4016 1224 4066 quem
1246 4003 1273 4052 in

205 4090 224 4119 ⁸
241 4084 342 4135 &mus
355 4084 405 4142 ille,
424 4086 587 4149 eumentes
596 4084 704 4149 milne]
743 4084 831 4133 itatis.
857 4078 1273 4142 Sedbsnccompsrationerusc·

174 4159 286 4222 (lyneas,
313 4159 406 4223 Pyrrbi
434 4161 545 4224 legatus,
566 4164 607 4211 tot
629 4172 704 4221 reges
743 4165 837 4208 enrste
846 4154 959 4218 expendi
980 4166 1030 4203 nen
1048 4156 1210 4219 petiturcrae
1228 4170 1262 4205 sn

174 4240 238 4300 quet
258 4242 401 4296 martores,
421 4250 467 4287 ren
488 4250 577 4304 regern
599 4250 703 4287 censen
745 4233 839 4303 gustis.
854 4232 883 4282 J.
897 4230 1013 4280 clotena.
