3150 4942
465 439 471 458 ι
577 425 649 474 nrn.
675 425 740 473 vrr.
761 425 843 476 css.
866 411 919 475 15.
1188 349 1300 480 ‘1045

198 586 270 650 Hic
294 585 402 668 primo
424 571 569 666 impetus
593 604 699 668 prope
725 604 845 650 vecors
867 586 1014 650 turbavit
1035 586 1171 652 bootes:
1194 609 1298 673 eques

199 686 322 750 deinde
343 687 486 750 emissus
507 686 655 750 turbatos
672 687 802 772 avertit.
846 688 928 769 Ipse
943 687 1101 767 dictator,
1118 696 1299 771 postquam

197 787 369 852 labantem
395 805 462 850 uua
484 793 581 869 parte
609 787 696 851 vidit
719 787 853 864 aciem,⁸
873 789 969 872 signa
994 789 1030 851 in
1049 789 1174 853 laevum
1198 809 1300 854 cornu

198 887 339 964 confert,
364 905 430 969 quo
456 887 585 951 turbam
608 888 753 951 bostium
777 890 969 970 congregari
991 890 1171 971 cernebat3
1193 898 1229 954 et
1244 890 1300 968 iis,

198 988 306 1071 quiin
320 995 431 1052 monte
445 992 551 1064 erant,
568 989 713 1070 signnm,
729 990 822 1071 qnod
842 999 1056 1068 converrerat,
1077 992 1181 1057 dedit.
1227 991 1298 1057 Ubi

197 1089 276 1152 inde
316 1107 453 1171 quoqne
493 1108 602 1153 novus
635 1091 763 1153 clamor
793 1096 895 1167 ortus,
927 1096 962 1155 et
993 1092 1127 1156 tendere
1160 1093 1299 1176 obliquo

197 1195 343 1252 monte¹⁹
356 1189 399 1252 ad
414 1195 531 1254 eastra
544 1189 719 1254 Gallorum
751 1190 815 1252 visi
835 1198 931 1269 suut;
953 1197 1023 1254 tum
1047 1198 1151 1269 metu,
1174 1213 1217 1256 ne
1239 1213 1297 1257 err·

198 1289 416 1368 eluderentur,
440 1291 567 1354 omissa
587 1310 701 1372 pugna
723 1297 784 1366 est,
807 1310 973 1374 cursuque
993 1291 1101 1356 effuso
1126 1293 1169 1355 ad
1187 1301 1298 1358 castra

197 1389 396 1454 serebantur.
431 1389 499 1454 Ubi
515 1409 591 1454 cnm
607 1391 811 1455 occurrisset
825 1391 875 1454 eis
891 1391 941 1456 M.
952 1391 1126 1470 Valerius,
1142 1395 1300 1474 magister

197 1489 359 1572 equitum,
373 1488 461 1574 (qui,
477 1491 651 1572 profligato
667 1491 786 1555 dextro
797 1499 826 1529 ²0
839 1491 969 1569 cornu,l>
981 1495 1199 1577 obequitabat
1218 1494 1297 1557 bos·

198 1591 278 1654 tium
302 1587 545 1674 munimentis,)
569 1591 612 1654 ad
638 1599 768 1656 montes
796 1593 979 1676 sylvasque
1011 1600 1142 1659 vertunt
1164 1595 1297 1676 sugam3

197 1691 397 1774 plurimique
411 1691 460 1755 ibi
477 1711 498 1754 a
512 1691 626 1756 fallaci
641 1692 790 1775 equitum
804 1694 919 1775 specie
930 1695 1222 1779 agasonibusqne¹
1238 1715 1296 1758 ex-

197 1791 286 1874 cepti
300 1798 394 1857 sunt:
411 1797 444 1856 et
458 1811 584 1870 eorum,
597 1811 683 1875 quos
698 1812 805 1876 pavor
818 1796 1000 1876 pertulerat
1012 1796 1045 1859 iu
1058 1794 1186 1878 sylvas,
1200 1800 1297 1858 atrox

198 1891 309 1957 caedes
335 1898 415 1976 post
441 1893 594 1958 sedatum
621 1893 774 1976 praelium
801 1895 874 1958 fnit.
919 1894 996 1959 Nec
1023 1896 1111 1960 alius
1138 1901 1220 1978 post
1246 1895 1297 1958 Μ.

198 1976 346 2070 Furium,
360 2012 462 2076 quam
474 1992 514 2057 C.
526 1993 711 2076 Sulpicius,
720 1993 903 2075 justiorem
918 1995 961 2058 de
975 1995 1087 2059 Gallis
1099 1997 1168 2076 egit
1183 1995 1297 2058 trium-

196 2092 312 2174 phum.
370 2093 451 2157 Auri
478 2113 613 2177 quoque
638 2113 682 2157 ex
712 2093 855 2158 Gallicis
880 2097 1001 2177 spoliis
1027 2098 1112 2160 satis
1141 2114 1298 2176 magnum

197 2194 342 2275 pondus,
358 2213 444 2258 saxo
460 2195 627 2277 quadrato
644 2202 791 2276 septum,
804 2195 837 2258 in
852 2194 1025 2277 Capitolio
1038 2196 1197 2259 sacravit.
1231 2195 1298 2259 Eo·

197 2294 274 2356 dem
295 2313 381 2359 auno
403 2301 437 2360 et
457 2315 478 2358 a
501 2295 701 2360 consulibus
726 2295 820 2358 vario
844 2300 963 2358 eventu
987 2295 1161 2360 bellatum.
1207 2295 1298 2360 Nam

193 2393 336 2460 Hernici
354 2413 376 2459 a
391 2397 431 2460 G.
446 2396 583 2460 Plautio
599 2396 721 2459 devicti
737 2395 933 2476 subactique
949 2401 1038 2460 snut.
1084 2394 1212 2459 Fabius
1226 2397 1298 2460 col·

196 2493 271 2576 lega
287 2495 362 2578 ejus
378 2497 512 2562 incaute
531 2503 632 2578 atque
654 2495 842 2560 inconsulte
862 2496 1025 2560 adversus
1039 2496 1297 2579 Tarquinienses

197 2597 447 2678 pugnavitznec
458 2597 491 2660 in
501 2597 576 2660 acie
587 2604 711 2661 tanturn
722 2597 768 2660 ibi
780 2595 1085 2680 cladisacceptum
1095 2598 1298 2680 quamquod

197 2702 365 2760 trecentos
393 2703 520 2781 septem
542 2698 666 2761 milites
691 2695 866 2760 Romanos
891 2703 1010 2780 captos
1036 2697 1297 2780 Tarquinienses

197 2785 422 2864 immolarunt.
468 2797 548 2878 Qua
567 2797 719 2864 foeditate
744 2797 908 2879 supplicii
924 2798 1097 2881 aliquanto
1111 2797 1297 2876 ignominia

196 2899 317 2980 populi
333 2899 478 2964 Romani
492 2899 702 2982 insignitior·
717 2899 793 2961 luit.
837 2898 997 2964 Accessit
1012 2897 1056 2963 ad
1074 2917 1149 2960 eam
1169 2897 1295 2960 cladem

650 3043 838 3067 ΙΜΝΜΝΙ

231 3131 264 3177 10
279 3128 355 3191 conj.
366 3128 473 3192 Doujst.
484 3129 576 3190 oblique
586 3143 599 3177 e
608 3131 762 3178 mata-ao
779 3127 787 3156 ‘
799 3127 877 3176 Forte
888 3125 940 3187 lep„
950 3126 1025 3182 leurs,⁸
1038 3125 1078 3172 vel
1090 3122 1176 3186 potios
1188 3121 1297 3171 intuitio

198 3206 255 3254 cap.
266 3195 351 3244 dextro
361 3207 435 3242 como
446 3207 504 3242 corn
514 3191 608 3242 Drein’
626 3193 776 3254 Rupere-1
795 3190 869 3250 vett.
886 3188 951 3240 libb.
970 3202 1020 3240 non
1038 3189 1132 3240 babent
1143 3200 1232 3236 rocem
1244 3203 1296 3251 que.

198 3261 247 3306 -2
263 3257 324 3307 vet.
334 3257 380 3306 lib.
392 3255 461 3320 apud
471 3256 560 3319 Sigon.
570 3255 699 3316 insignior.

690 3349 798 3401 NOTAE

231 3430 388 3482 *hinton
405 3447 453 3482 aaa
471 3438 541 3496 parte
561 3433 623 3482 cidit
639 3429 726 3494 aba]
765 3444 898 3480 manorum
909 3427 1056 3493 oppositum
1067 3426 1233 3490 profligatum
1244 3439 1296 3476 non

198 3505 330 3568 Scriptum
349 3508 450 3570 vellem,
465 3507 582 3556 matera
598 3508 642 3556 bre
658 3513 727 3568 perte
765 3503 872 3564 inorat3
889 3505 946 3560 aed,
956 3518 1014 3553 com
1025 3503 1057 3552 ed
1068 3517 1177 3566 pugnarn
1188 3517 1216 3550 se
1226 3517 1297 3550 conr·

197 3581 305 3632 studuit
314 3583 398 3644 moa,
409 3585 450 3632 rel
461 3583 526 3632 stitit
537 3582 624 3632 adem:
641 3597 727 3645 noque
765 3588 882 3642 pararet,
909 3591 1026 3628 auersum
1054 3577 1166 3627 elamore
1192 3576 1251 3626 salsi
1280 3591 1295 3625 e

197 3658 265 3708 enim
278 3659 406 3708 inlevnrs
423 3671 502 3708 cornu
520 3657 593 3720 signa
606 3654 726 3707 conferre
766 3655 896 3705 montibus
915 3654 1045 3718 equitatus
1067 3653 1193 3703 Romani:
1217 3660 1296 3714 atque
1354 3642 1360 3652 ¹
1390 3691 1394 3699 .

197 3739 244 3784 snt
268 3733 367 3790 debuit,
393 3739 438 3784 aut
470 3733 555 3796 potnit
588 3731 725 3794 Sulpiciae,
765 3731 792 3780 bi
803 3732 853 3794 ipsi
864 3738 949 3792 erent,
958 3729 1051 3792 qulbus
1062 3726 1216 3777 occurrebat
1227 3739 1295 3773 nnnc

197 3808 320 3873 quamdin
350 3813 456 3858 nrrtsret
482 3805 603 3857 dextrum
628 3821 726 3868 cnrnn;
765 3805 943 3858 M.Vslerinr.
964 3802 1077 3852 Omnino
1086 3800 1224 3864 legendum
1235 3812 1296 3856 cem,

197 3883 270 3948 quod
284 3884 394 3946 intelligi
410 3897 517 3934 necesse
531 3891 573 3932 est
588 3896 635 3945 per
652 3883 727 3934 cetera
765 3873 1296 3945 smpmfligetosiar'stroeomfflallorum

196 3973 244 4010 auc
251 3959 454 4026 partelnbsatesr,
464 3963 493 4008 ut
503 3957 638 4023 sequentis
647 3957 726 4007 mnni-
764 3956 877 4016 scilicet,
886 3951 954 4016 quod
967 3951 993 4000 in
1013 3950 1133 4000 dextrum
1150 3962 1231 3998 cornu
1243 3949 1296 3997 Ro-

197 4031 427 4086 festeostendnnt.
765 4042 894 4079 manorum
914 4039 1000 4076 acrem
1025 4022 1127 4074 feceret
1153 4023 1298 4088 impressio·

229 4109 242 4144 b
258 4110 396 4174 Profligato
410 4111 496 4159 dextro
510 4107 593 4172 coras]
611 4107 643 4157 Id
662 4121 726 4158 vern
765 4118 840 4164 nem
850 4101 993 4152 esdbotum
1002 4098 1096 4149 deinde
1105 4101 1202 4164 impetu
1213 4113 1295 4163 prope

199 4185 359 4248 quaraticne
369 4185 466 4236 sactum
477 4198 529 4235 non
540 4183 624 4247 cepio.
658 4183 726 4232 Nem
767 4178 872 4230 vecordi
883 4176 1023 4239 turbatura,
1034 4191 1065 4226 se
1082 4177 1185 4228 tandem
1203 4177 1296 4227 emisso

199 4260 319 4312 dextrum
339 4275 421 4314 corna
435 4261 570 4314 Gallorum
588 4260 655 4310 lavo
672 4256 726 4310 lin·
766 4256 884 4321 equitatu
891 4252 1021 4318 repulsum
1032 4251 1127 4304 iuerat.
