3150 4942
570 448 643 497 mn.
667 446 722 498 rx.
745 450 827 499 err.
849 432 881 497 4.
1188 438 1276 507 1203

221 586 256 653 4.
279 584 410 653 Neutra
427 588 753 672 sententiesceepts,
769 588 960 654 Herennius
973 589 1107 654 domum
1121 612 1140 655 s
1154 592 1276 659 cestris

182 696 235 753 est
260 694 441 753 erectus.²⁰
484 686 526 751 Et
548 689 583 752 in
608 690 728 753 cestris
753 688 916 753 Romanis
938 708 1015 753 eum
1041 693 1160 755 frustra
1179 694 1275 759 multi

181 794 319 853 couetns
341 788 384 853 ed
405 789 636 871 emmpeudum
661 790 751 870 eapti
774 796 900 863 essent,
915 797 950 853 et
966 790 1039 872 jum
1058 790 1203 856 omnium
1224 812 1275 857 re·

179 908 251 954 rum
277 891 391 971 inopis
417 895 525 968 esset3
555 890 636 953 victi
662 891 864 954 necessitate
887 891 1016 972 legatos
1042 892 1190 967 mittunt,
1214 893 1275 975 qui
1318 919 1320 922 ·

179 989 320 1070 primum
343 1008 461 1071 paoem
485 1006 618 1073 eequsm
642 995 814 1072 peterent:
836 991 867 1053 si
890 1009 1008 1071 paoem
1032 1010 1096 1053 non
1117 992 1274 1074 impetre-

179 1095 262 1163 rent,
276 1090 324 1151 uti
344 1094 564 1171 pmvocereut
578 1088 622 1152 ud
636 1106 794 1171 pugnem.
834 1088 921 1152 Tum
936 1088 1087 1166 Pontius,
1102 1091 1272 1157 ‘debella-

178 1196 247 1253 tum
262 1188 356 1259 esse‚'
372 1188 553 1271 respondit,
569 1194 637 1265 ‘et,
650 1190 807 1271 quonium
821 1208 865 1251 ne
881 1190 961 1253 vieti
975 1190 1109 1272 quidem
1123 1210 1164 1255 sc
1179 1193 1273 1273 capti

177 1288 342 1353 fortunam
364 1289 462 1352 fateri
486 1290 619 1365 seirent,
641 1291 784 1351 inermes
808 1306 885 1351 cum
908 1288 1047 1370 singuiis
1071 1292 1273 1355 vestimentis

179 1390 242 1453 sub
253 1388 367 1471 jugum
381 1390 579 1453 missurum:
601 1390 688 1453 elius
703 1388 916 1453 conditiones
930 1391 1027 1471 pacis
1041 1410 1158 1474 seques
1174 1390 1272 1455 vietis

177 1509 219 1554 ee
237 1490 420 1553 victoribus
440 1488 528 1567 iore3
553 1488 603 1552 si¹
621 1508 700 1570 egro
715 1489 917 1554 Samnitium
936 1490 1160 1564 decederetur,
1177 1493 1271 1555 colo-

177 1590 244 1653 niae
260 1590 508 1665 abducerentur,
520 1590 590 1653 suis
606 1589 728 1652 deinde
743 1590 894 1669 legibus¹
910 1588 1103 1655 Romanum
1118 1610 1160 1655 ue
1176 1591 1269 1656 Sem·

175 1690 275 1753 uitem
284 1689 703 1771 mquofoedererictumm.
733 1688 801 1751 His
810 1687 1061 1752 conditionibus
1069 1698 1223 1771 puratum
1232 1710 1270 1755 se

176 1809 252 1855 esse
268 1790 379 1855 foedus
394 1808 470 1853 cum
481 1789 673 1853 consulibus
684 1788 797 1852 ferire:
820 1786 941 1870 siquid
957 1808 1068 1851 eornm
1081 1788 1270 1871 displiceat,

175 1891 301 1973 legatos
316 1889 424 1953 redire
435 1888 477 1953 sd
492 1908 529 1953 se
544 1887 688 1952 vetuit.'³
734 1887 823 1952 Haec
838 1906 913 1952 eum
927 1886 1052 1969 legatio
1066 1890 1270 1953 renuntiare·

176 1996 240 2064 tur,
262 1996 376 2053 tantus
400 1987 539 2069 gemitus
563 1988 710 2051 omnium
731 1988 845 2051 subito
867 1994 1004 2051 exortus
1027 1995 1091 2063 est,
1111 1993 1271 2069 tantoque

175 2089 336 2154 moestitis
355 2088 503 2163 incessit,
523 2093 562 2149 ut
583 2104 650 2150 non
670 2087 805 2167 gravius
827 2089 997 2170 recepturi
1020 2087 1217 2163 viderentur,
1239 2086 1269 2149 si

173 2191 386 2267 nuntiaretur,
413 2189 567 2251 omnibus
595 2204 636 2249 eo
666 2188 744 2250 loeo
769 2192 907 2250 mortem
932 2186 1155 2269 oppetendam
1180 2204 1270 2251 esse.

174 2289 259 2353 Cum
285 2290 343 2352 diu
366 2288 537 2352 silentium
561 2287 692 2364 fuisset,
717 2306 777 2350 nec
800 2287 1039 2350 censuissent
1060 2305 1123 2367 pro
1143 2285 1270 2351 soedere

66 2422 71 2431 ·
173 2396 242 2455 tum
264 2390 364 2472 turpi,
379 2397 438 2452 eut
454 2395 571 2453 eontra
584 2386 694 2451 foedus
714 2392 782 2450 tem
796 2386 1021 2451 necessarium
1036 2386 1166 2450 hiscere
1188 2405 1270 2467 pos·

173 2498 269 2571 sent3
290 2497 358 2553 tum
379 2488 420 2552 L.
435 2487 611 2563 Lentulus,
627 2488 684 2570 qui
705 2492 798 2549 tum⁴
821 2486 979 2568 princeps
1002 2487 1181 2566 legutomm
1202 2485 1268 2553 rir-

172 2601 248 2657 tute
272 2598 372 2673 utque
394 2588 573 2654 honoribus
596 2592 677 2665 erut,
697 2587 860 2651 ‘Putrem
880 2586 1012 2660 menm,'
1025 2586 1144 2668 inquit,
1159 2589 1171 2621 ‘
1185 2604 1268 2650 con·

173 2694 276 2769 sules,
292 2710 386 2774 soepe
402 2688 517 2755 sudiri
531 2695 779 2764 memorantem,
794 2708 831 2752 se
849 2689 883 2751 in
899 2686 1069 2769 Capitolio
1086 2706 1187 2750 uuum
1201 2704 1269 2751 non

172 2793 277 2858 inisse
298 2799 465 2856 auctorem
490 2791 620 2854 senatui
641 2788 839 2853 redimendes
854 2805 935 2850 suro
950 2806 971 2850 e
985 2786 1096 2851 Garris
1109 2787 1266 2862 civitatis,

172 2892 307 2977 quando
332 2909 392 2955 nee
416 2889 511 2953 fosse
535 2887 692 2969 valloque
719 2888 761 2950 eb
787 2886 1004 2967 ignavissimo
1030 2885 1073 2948 ud
1098 2904 1201 2967 opere
1225 2904 1267 2949 ec

172 2992 384 3057 muniendum
406 2992 503 3054 hoste
526 2990 634 3052 eleusi
654 2994 779 3063 essent,
799 2992 834 3050 et
854 3004 1027 3067 emmpere
1052 2986 1082 3046 si
1104 3004 1171 3047 non
1193 2987 1267 3047 siue
1387 3039 1390 3047 .

171 3094 320 3177 periculo
344 3110 473 3172 magno,
488 3097 597 3153 tumen
621 3088 691 3153 sine
707 3095 799 3152 eertu
813 3086 957 3169 pernicie
971 3090 1119 3167 possent.
1164 3082 1267 3159 Quod

172 3194 213 3268 si,
228 3199 266 3256 ut
289 3192 357 3256 iliis
381 3192 554 3255 decurrere
577 3209 620 3253 ex
636 3187 803 3272 Capitolio
817 3186 956 3251 armetis
970 3186 1006 3248 in
1018 3185 1146 3248 bostem
1160 3182 1265 3259 licuit,

170 3291 255 3378 (quo
268 3312 360 3377 saepe
375 3291 474 3355 modo
489 3290 621 3353 obsessi
635 3288 670 3351 in
686 3287 880 3351 obsidentes
893 3281 1098 3368 emperunt,)
1111 3284 1159 3346 its
1169 3282 1266 3345 nobis

172 3411 271 3477 eoquo
295 3400 354 3457 sut
378 3392 494 3474 iniquo
516 3390 592 3453 loeo
618 3386 797 3451 dimicandi
819 3382 1052 3449 tantummodo
1074 3400 1150 3446 enm
1173 3382 1267 3445 boste

173 3494 274 3575 eopia
298 3498 399 3568 esset,
422 3510 489 3555 non
511 3489 593 3552 mihi
619 3487 749 3571 paterni
775 3484 879 3549 enimi
905 3482 1036 3547 indoles
1061 3481 1096 3544 in
1121 3480 1264 3545 consilio

172 3592 281 3657 dendo
304 3592 445 3657 deesset.
499 3588 665 3671 Equidem
692 3592 827 3649 mortem
853 3602 913 3665 pro
936 3582 1047 3665 petrin
1069 3582 1265 3663 praeclaram

172 3712 246 3757 esse
269 3692 394 3758 iuteor:
424 3698 458 3757 et
479 3710 532 3754 me
556 3688 608 3754 vel
627 3688 792 3752 devovere
811 3704 872 3769 pro
892 3683 1020 3767 populo
1041 3682 1197 3747 Romano
1218 3680 1266 3741 le·

202 4010 234 4056 so
252 4011 259 4032 ⁸
276 4002 335 4051 Vet.
345 4000 391 4050 lib.
403 4002 521 4049 reuectus.-
533 3995 653 4059 egregius
670 3992 730 4043 iude
742 3991 846 4040 enimin
858 3996 944 4038 errtrs
956 3991 1045 4034 rentur
1058 3978 1161 4057 inertes
1177 3978 1263 4041 Sigon.

170 4075 216 4118 -l
229 4070 236 4096 ¹
247 4068 277 4118 st
288 4067 338 4116 det.
348 4065 425 4114 Grut.
436 4062 551 4113 Gronov.
561 4060 676 4109 Crevier.
686 4058 728 4105 ull.
737 4050 891 4116 perperam?
909 4050 1052 4121 stratu-s
1070 4046 1131 4121 Ver.
1141 4044 1185 4092 irb.
1194 4045 1263 4121 send

171 4132 258 4192 Sigon.
280 4130 332 4179 reris
350 4129 404 4177 irdr
420 4126 565 4187 legibue-t
584 4118 766 4183 ‘Legutorjurr
783 4117 863 4190 redire
877 4115 908 4162 sd
926 4128 951 4160 re
969 4114 1054 4159 oerum
1081 4108 1108 4157 St
1129 4115 1197 4155 erret
1209 4122 1263 4165 mr

171 4200 231 4255 tert,
240 4192 342 4249 facilius
354 4190 446 4245 ferrer,
456 4189 500 4238 red
512 4186 650 4237 delendum
661 4191 701 4232 est
711 4180 800 4241 rbjurrr
824 4190 884 4227 ussu
896 4176 964 4225 Fier.
974 4175 1076 4222 Tburn.
1088 4172 1163 4221 ltott.
1175 4170 1262 4221 Belus.

169 4256 307 4322 utriusque
318 4254 448 4313 Verrisni,
460 4258 487 4304 et
499 4250 598 4303 Mureti
609 4245 745 4300 corleum:
755 4245 783 4294 J.
817 4274 825 4293 .
837 4242 992 4291 Cremu-t
1008 4238 1088 4288 ‘iim
1097 4236 1128 4287 Ia.
1139 4234 1265 4298 Mein,
