3150 4942
559 440 630 491 nra.
653 438 738 491 vrrr.
760 438 842 493 oar.
863 428 918 492 to.
1200 426 1286 495 1191

190 598 243 653 tes
258 586 302 651 ita
316 584 458 667 infregit,
472 590 509 649 ut
522 586 677 648 omuibus
699 586 852 650 conciliis
875 586 1060 664 tremerent,
1082 588 1238 652 ‘minime
1250 585 1286 652 id

191 688 326 772 quidem
341 688 458 750 mirum
470 706 559 763 esse,
576 690 605 750 si
619 688 722 769 impio
739 689 828 752 bello
843 694 876 753 et
891 692 1007 751 contra
1021 686 1133 752 foedus
1146 708 1287 773 snscep-

191 797 236 865 to,
248 788 478 853 infestioribus
493 790 612 851 merito
625 788 700 851 Diis
712 809 812 871 quam
821 789 1021 862 bominibus,
1034 790 1115 853 nibil
1130 811 1287 874 prospere

191 894 335 971 agerent.
381 890 432 951 Ex
439 889 596 971 piandum
612 889 647 952 id
663 889 790 953 bellum
805 910 926 972 magna
941 891 1101 969 mercede,
1117 892 1286 956 luendum·

190 1010 255 1075 quo
269 1010 360 1055 osse.
405 990 447 1053 ld
462 990 580 1054 referre
597 998 736 1068 tantum,
759 998 867 1057 utrum
883 993 1054 1077 supplicia
1072 995 1177 1059 noxio
1203 1013 1288 1077 pan·

191 1112 314 1168 corum,
331 1110 374 1155 an
390 1094 537 1155 omnium
551 1093 689 1156 innoxio
704 1096 878 1175 praebeant
892 1096 1054 1176 sangnine
1065 1094 1086 1175 ;'
1106 1094 1289 1160 audebant·

190 1212 255 1277 que
264 1194 336 1275 jram
353 1192 487 1275 quidam
503 1194 672 1257 nominare
689 1198 844 1257 auctores
859 1212 1036 1260 armornm.
1067 1194 1181 1261 Unum
1191 1216 1288 1261 max·

190 1296 255 1358 ime
281 1314 400 1357 nomen
429 1314 489 1376 per
515 1312 713 1357 consensum
742 1294 959 1359 clamantium
990 1297 1122 1361 Brutuli
1150 1296 1287 1381 Papii¹⁰

191 1395 444 1459 exaudiebatur.
479 1394 567 1458 .Vir
594 1395 716 1458 nobilis
747 1403 933 1479 potensque
954 1406 1035 1475 erat,
1064 1398 1154 1463 baud
1184 1398 1287 1462 dubie

190 1497 417 1579 proximarum
433 1496 644 1561 induciarum
659 1501 784 1578 ruptor.
831 1499 885 1562 De
896 1517 937 1563 eo
948 1501 1059 1564 coacti
1073 1500 1190 1563 reterre
1200 1519 1287 1583 prae·

190 1605 283 1661 tores
298 1597 469 1662 decretum
482 1598 644 1673 secarunt,
669 1596 739 1661 ‘Ut
761 1598 922 1663 Brutulus
945 1598 1100 1683 Papins⁰
1123 1599 1287 1665 Romania

191 1699 376 1775 dederetur,
398 1704 431 1763 ct
454 1718 532 1762 cum
545 1718 586 1762 eo
608 1698 722 1782 praeda
737 1700 845 1762 omnis
858 1698 1024 1778 Romanu,
1040 1700 1237 1784 captivique
1251 1709 1290 1766 ut

190 1800 334 1865 Romam
350 1801 567 1879 mitterentur;
591 1819 733 1883 quaeque
748 1820 802 1865 res
817 1820 876 1884 per
889 1800 1022 1867 fetiales
1037 1822 1081 1865 ex
1095 1801 1221 1865 loedere
1237 1822 1288 1866 rc·

189 1904 304 1985 petitae
319 1908 444 1978 essent,
458 1902 642 1965 secundum
661 1902 720 1984 jus
743 1901 863 1985 fasque
885 1902 1153 1966 restituerentur!
1198 1902 1289 1966 Feti-

189 2006 259 2067 ales
275 2003 433 2080 Romam,
449 2008 486 2065 ut
500 2009 727 2079 censuerunt?
748 2003 857 2079 missi,
882 2008 918 2065 et
932 2022 1054 2085 corpus
1070 2003 1203 2066 Brutuli
1227 2025 1287 2070 ex·

191 2106 317 2169 anime:
340 2106 413 2187 ipse
440 2112 545 2168 morte
571 2104 762 2168 voluntaria
783 2096 971 2186 ignominiae
993 2124 1031 2167 se
1053 2124 1093 2167 ac
1119 2106 1288 2189 supplicio

190 2208 370 2271 subtraxit.
414 2204 549 2269 Placuit
571 2223 648 2269 curn
673 2224 813 2286 corpore
835 2205 923 2267 bona
947 2224 1079 2286 quoque
1104 2205 1177 2287 ejus
1201 2204 1289 2270 dedi.

191 2307 286 2371 Nihil
303 2316 415 2371 tamen
430 2324 543 2370 earum
558 2324 679 2378 rerum,
695 2315 818 2387 praeter
831 2304 1003 2386 captivos,
1025 2323 1067 2369 ac
1082 2306 1195 2387 siqua
1209 2326 1289 2388 cog·

189 2410 258 2472 nita
274 2426 319 2471 ex
333 2406 450 2491 praeda
466 2410 554 2483 sunt,
581 2411 758 2488 acceptum
774 2410 847 2468 est:
871 2410 1053 2469 ceterarum
1075 2422 1182 2470 rernm
1196 2407 1289 2472 irrita

189 2510 253 2573 fuit
275 2507 426 2573 deditior
470 2506 627 2571 Dictator
652 2525 696 2569 ex
721 2511 855 2568 senatus
882 2507 1035 2571 consulto
1060 2506 1288 2589 triumpharit.

191 2610 274 2673 Hoc
287 2611 413 2673 bellum
429 2629 452 2671 a
473 2607 667 2673 consulibus
682 2607 854 2685 bellatum,
878 2607 1013 2691 qnidam
1030 2615 1184 2672 auctores
1198 2616 1288 2687 sunt,

190 2730 315 2794 eosque
330 2711 372 2774 de
386 2710 594 2774 Samnitibus
605 2706 853 2789 triumphasse:
877 2708 1020 2772 Fabium
1035 2709 1135 2773 etiam
1150 2709 1184 2771 in
1195 2707 1289 2792 Apu·

189 2812 269 2875 liam
285 2811 508 2895 processisse,
523 2814 623 2891 atque
637 2807 715 2873 inde
732 2827 871 2890 magnas
887 2809 1023 2891 praedas
1037 2810 1158 2890 egisse.
1280 2794 1286 2803 ⁵

233 2914 288 2977 40.
312 2912 387 2977 Nec
410 2912 589 2995 discrepat,
606 2910 686 2993 quin
708 2910 854 2974 dictator
876 2928 917 2974 eo
944 2928 1033 2972 anno
1052 2908 1097 2971 A.
1110 2909 1287 2977 Cornelius

190 3015 315 3078 fuerit!
357 3012 399 3077 ld
415 3012 602 3095 ambigitur,
624 3010 743 3074 belline
758 3010 891 3091 gerendi
907 3028 1009 3073 causa
1026 3014 1157 3072 creatus
1172 3012 1228 3087 eit,
1245 3031 1289 3114 au

222 3178 236 3211 ⁴
253 3178 372 3293 lima
381 3192 407 3227 eo
417 3178 558 3239 scriptorum
568 3174 687 3223 discordia
696 3178 815 3236 cauom,
825 3188 856 3222 aa
869 3174 899 3223 A.
913 3171 1036 3221 Corneliae
1052 3186 1114 3221 raro
1127 3173 1169 3221 illo
1185 3171 1288 3224 dictatr-

190 3256 269 3303 κως
352 3276 359 3291 .

645 3314 829 3337 eoeneum

190 3417 294 3468 cecidit!
311 3418 337 3469 J.
350 3420 379 3467 F·
390 3416 571 3467 Gronau-lc
588 3414 690 3465 Quaerit
698 3415 810 3477 Rupere.
822 3419 869 3462 ‘an
880 3412 951 3462 forta
961 3413 1049 3463 Metili
1056 3413 1147 3475 Papiir
1158 3420 1188 3463 ut
1197 3427 1289 3479 proga-

192 3484 262 3532 nitor
272 3480 351 3531 loerir
362 3480 497 3531 clarissimi
509 3481 577 3530 illins
590 3479 740 3529 Italicorum
751 3478 826 3529 ducis
838 3479 863 3528 ln
874 3478 1040 3528 belloaociutl
1048 3494 1069 3527 a.
1080 3477 1226 3555 Marsicol'

685 3604 794 3657 NO'l'lE

225 3716 236 3741 ⁰
256 3708 292 3758 Ut
301 3709 420 3757 Brutulus
438 3706 541 3769 Pupius]
565 3704 660 3755 Nobile
673 3718 720 3768 per
760 3702 992 3766 decreverantipri
1003 3702 1108 3753 leoialaa
1119 3702 1272 3755 Samnitum.

191 3784 296 3834 Italiam
314 3784 455 3846 Papiorum
472 3794 565 3830 nornen
577 3780 665 3843 Sigon.
677 3792 720 3827 uo·
793 3787 805 3821 r
823 3779 961 3828 Geinum
978 3792 1058 3827 τω
1074 3777 1206 3836 iariusatt
1223 3777 1290 3826 dedi·

192 3867 250 3921 tat3
267 3870 295 3909 et
314 3860 383 3909 bello
401 3858 493 3907 sociali
511 3856 622 3920 Puplum
642 3856 721 3905 Muti·
761 3853 808 3916 rto]
826 3854 923 3903 Mirum
936 3860 1037 3915 partem
1050 3866 1133 3901 rerum
1143 3850 1291 3901 deditarum

192 3937 244 3985 loro
257 3936 326 3985 inter
337 3934 445 3985 Italico·
456 3934 536 3983 duces
546 3932 672 3996 insignem
681 3929 720 3979 t'n-
762 3931 895 3993 acceptare
912 3930 1052 3986 Romanoa,
1061 3939 1110 3974 nec
1126 3939 1218 3987 paoem
1228 3940 1290 3975 con·

193 4012 251 4061 irae.
271 4010 402 4061 Credibile
411 4008 546 4073 lgltureat,
558 4022 590 4057 ex
602 4022 633 4057 ea
643 4018 721 4071 gente
761 4004 879 4054 comicae·
911 4004 979 4053 Nam
990 4001 1040 4051 etri
1051 4014 1099 4049 aua
1112 4005 1214 4050 tantum
1224 4002 1292 4051 reci·

190 4088 371 4139 futareRonrre
382 4084 473 4149 Paplre
485 4084 721 4149 postealegisauc·
763 4079 880 4144 piabant,
900 4085 1015 4127 attamen
1035 4090 1087 4125 non
1110 4090 1159 4141 per
1180 4076 1230 4125 riur
1250 4092 1289 4127 re·

195 4174 287 4217 torem.
761 4160 848 4217 cepta,
859 4153 906 4203 red
926 4168 941 4203 a
958 4152 1106 4205 volentibus
1124 4152 1213 4203 oblata
1225 4153 1290 4205 reoi-

228 4246 240 4279 »
261 4236 455 4301 Uicrarurraat]
470 4233 721 4298 Secundumeaquae
761 4228 877 4295 piabant.
