3150 4942
277 324 364 390 noa
753 338 788 384 r.
812 338 906 385 mvn

278 476 404 556 iurent,i
422 479 511 543 haud
527 478 629 541 dubie
641 476 683 541 ad
699 475 875 541 Romanos
889 477 1112 559 pervenisset.
1144 476 1272 541 Eadem
1285 485 1374 542 netad

279 598 387 645 rerum
410 579 524 661 Magni
547 578 728 642 Alexandri
752 574 853 643 ent:k
872 564 987 661 quern,
1002 596 1114 641 sorore
1136 578 1237 660 hujus
1252 589 1378 655 onum,

279 682 312 745 in
324 681 392 745 alio
404 688 510 745 tractu
520 676 629 755 orbis,¹
643 678 802 743 invictum
816 680 917 743 bellic
923 680 1097 763 juvenem,
1110 679 1242 742 fortuna
1252 680 1377 743 morbo

278 782 434 846 extinxit.
478 780 634 845 Ceterum
660 779 820 856 Romani,
849 782 916 843 etei
938 779 1085 843 defectio
1116 780 1285 843 sociorum
1311 799 1378 843 no·

279 883 445 965 minisque
460 880 573 945 Latini
587 879 676 945 haud
691 879 793 945 dubie
805 887 887 956 erat,
902 886 1025 956 tamen,
1044 885 1206 962 tanquam
1220 880 1263 943 de
1274 880 1379 945 Sam·

279 984 419 1060 nitibus,
433 1001 499 1045 non
515 982 556 1046 de
575 1000 625 1060 se,
648 1000 759 1046 curam
785 988 928 1063 agerent,
951 982 1067 1045 decem
1081 981 1256 1064 principes
1277 980 1378 1045 Lati·

280 1104 396 1148 norum
411 1083 555 1147 Romam
569 1089 807 1158 evocaverunt,
831 1082 956 1164 quibua
969 1083 1184 1165 imperarent.
1207 1098 1287 1163 quae
1303 1082 1380 1145 vel·

280 1185 359 1257 lent.
405 1184 574 1251 Praetores
596 1190 664 1247 tum
687 1184 771 1247 dnos
796 1183 933 1247 Latium
957 1180 1146 1258 habebet,¹⁶
1171 1181 1211 1245 L
1226 1180 1378 1245 Annium

281 1284 432 1349 Setinum
449 1292 483 1349 et
498 1285 538 1348 Ιι.
553 1284 745 1349 Numisium
756 1292 780 1331 ¹⁷
803 1282 1039 1359 Circeiensem,
1055 1283 1156 1347 ambo
1169 1300 1214 1345 ex
1230 1282 1376 1347 colouiie

281 1383 445 1449 Romanis
458 1406 466 1450 ε
488 1404 546 1468 per
561 1405 656 1470 quos,
676 1391 797 1467 praetcr
811 1384 961 1465 Signiam
976 1383 1204 1465 Velitrasque,
1226 1390 1263 1447 et
1275 1384 1375 1466 ipsae

280 1484 431 1549 colonias
445 1488 625 1562 Romanas,
641 1486 758 1549 Volsci
770 1486 875 1548 etiam
889 1484 994 1549 exciti
1005 1483 1049 1547 ad
1062 1502 1155 1547 arma
1166 1490 1270 1546 erant
1302 1483 1375 1547 Eos

280 1587 474 1650 nominatim
489 1590 625 1652 evocari
639 1586 780 1669 placuit.
825 1586 931 1650 Haud
955 1584 1114 1668 cuiquam
1136 1584 1276 1647 dubium
1292 1592 1377 1659 erat,

281 1702 473 1770 superque
497 1706 532 1751 re
558 1688 750 1752 accireutn'r.
799 1686 933 1770 Itaque,
961 1686 1105 1751 coneilio
1130 1686 1223 1766 priua
1247 1684 1376 1762 habito,

280 1794 455 1871 praetores,
479 1806 579 1872 quam
603 1786 751 1853 Romam
771 1787 1070 1870 proficiscerentur,
1093 1792 1257 1850 evocatos
1277 1806 1315 1849 se
1329 1787 1376 1850 ab

281 1894 398 1952 senatu
414 1888 535 1954 docent
550 1888 745 1964 Romano‚¹⁸
761 1896 806 1966 et,
822 1908 901 1971 quae
915 1896 1029 1952 aetum
1044 1888 1087 1951 iri
1101 1905 1215 1951 seeum
1229 1886 1378 1963 eredunt.

281 1988 440 2070 quidnam
455 1990 498 2054 ad
512 2008 554 2055 ea
568 1990 762 2073 responderi
778 1992 924 2074 placeat,
937 1989 1093 2054 referunt.

322 2092 355 2153 4.
377 2088 462 2156 Cum
483 2092 575 2157 aliud
596 2092 655 2157 alii
680 2098 863 2170 censerent,
886 2099 955 2156 tum
971 2089 1121 2153 Annius:
1143 2086 1379 2172 ‘Quanquam

280 2190 354 2273 ipse
369 2210 431 2273 ego
453 2194 566 2270 retuli,
586 2191 664 2275 qnid
680 2192 873 2274 responderi
896 2192 1054 2273 placeret,
1076 2196 1188 2254 tamen
1209 2190 1315 2272 magio
1328 2189 1377 2254 ad

736 2382 921 2406 ”neuneu

281 2512 370 2561 medaii
386 2516 491 2563 omnuim
502 2514 566 2563 dant
580 2514 686 2578 Donjct.
699 2515 881 2566 (irenica—15
898 2515 977 2577 vulg.
988 2514 1137 2563 ciuem—ld
1152 2511 1254 2561 ‘detine'
1263 2509 1380 2559 dubim

282 2575 365 2625 Grou.
377 2578 453 2627 crev.
468 2578 493 2625 in
505 2578 622 2627 omnibus
634 2593 735 2642 qnoque
748 2580 816 2629 lidd.
824 2590 865 2629 ert
877 2582 934 2628 deor
946 2579 1006 2642 [pro
1014 2576 1072 2639 deo]
1088 2577 1296 2638 contreoptinroe
1305 2575 1382 2623 lice!

281 2638 549 2766 giegg'nh‘ilmmm
560 2643 688 2693 vin-ri
708 2644 847 2703 Numicium
858 2644 974 2695 Gronov.
987 2641 1095 2703 Dorrjat.
1105 2641 1285 2691 creden-18
1302 2639 1379 2701 conj.

770 2834 877 2885 NOTAE

293 2958 295 2967 '
312 2957 319 2990 ¹
334 2958 365 3009 dt
389 2960 466 3023 priora
485 2962 545 3010 retii
565 2975 677 3025 proruere
690 2962 809 3024 sederent]
851 2960 1007 3016 Alexander,
1025 2974 1070 3008 rex
1089 2959 1170 3023 Epiri,
1185 2960 1257 3022 queai
1273 2960 1300 3007 in
1311 2958 1380 3007 diri·

279 3034 369 3083 Prime
387 3035 490 3097 quidem
508 3050 558 3084 non
576 3037 734 3100 improrpera
749 3038 809 3087 huic
850 3040 922 3087 rione
941 3038 1009 3086 orbis
1029 3046 1154 3085 terrarum
1174 3036 1324 3084 Alexandro
1336 3050 1380 3085 eo·

279 3107 430 3157 Alexandro
441 3110 557 3173 Epirotae
568 3112 594 3159 in
607 3112 683 3161 ltalia
694 3111 807 3163 tuerent.
850 3116 916 3163 rorie
933 3128 985 3162 rue
1001 3112 1056 3161 filio
1067 3112 1171 3169 Orienr,
1183 3111 1231 3159 ribi
1243 3110 1378 3160 Occidens

278 3180 371 3244 Apulia
390 3184 467 3246 enim,
490 3198 553 3248 qnos
572 3186 682 3249 primum
705 3200 808 3250 eggrer·
850 3187 1377 3250 rorteeomigirret,rronminerenrrerum

280 3266 323 3307 tur
342 3256 437 3324 fueret,
455 3259 517 3308 deta
529 3274 603 3323 paee,
614 3263 707 3311 multer
725 3264 806 3313 Luce·
848 3266 982 3313 materiem
994 3265 1019 3310 in
1030 3262 1118 3322 italie,
1127 3259 1225 3322 Airita,
1236 3258 1378 3322 Sicilieqire

278 3345 369 3381 nomm
398 3335 597 3402 Brutiorumque
624 3337 701 3387 orben
720 3342 807 3403 cepit5
848 3354 876 3389 re
893 3339 1048 3394 debitorum,
1068 3351 1144 3400 quern
1165 3335 1209 3381 ille
1225 3335 1251 3382 in
1271 3333 1335 3382 Acie
1350 3339 1380 3383 et

280 3414 339 3454 euru
351 3408 548 3474 Metapontinie,
559 3411 702 3474 Pediculir,
714 3421 742 3463 et
756 3414 807 3464 Ro·
848 3415 980 3464 inPereee
999 3413 1116 3462 heberet.
1148 3413 1188 3460 Ex
1204 3410 1296 3458 eodem
1305 3409 1378 3460 Jurt.

279 3482 361 3530 menie
372 3480 455 3532 fredar
467 3487 658 3552 amicitiamque
669 3488 743 3539 fecit.
847 3489 892 3538 llb.
905 3502 957 3538 xri.
968 3504 1027 3552 exp.
1039 3492 1063 3536 2.
1096 3487 1146 3536 Sed
1167 3500 1256 3534 verum
1270 3483 1377 3533 tandem

313 3556 324 3589 ¹¹
343 3558 433 3606 Badera
443 3564 590 3609 aetmrerum
602 3562 690 3623 Magni
701 3564 808 3615 Μεκα-
848 3578 906 3613 erae
925 3566 1103 3628 experimento
1123 3560 1225 3622 didicit,
1236 3560 1304 3624 quod
1320 3560 1378 3621 ipre

278 3632 329 3697 dri]
347 3633 457 3682 Biennio
468 3634 572 3683 circiter
583 3643 642 3700 port
654 3638 768 3701 Epirote
780 3640 807 3689 iu
848 3638 997 3693 dictitabat,
1013 3653 1041 3686 re
1059 3639 1163 3699 quidem
1181 3637 1212 3686 ed
1231 3636 1313 3685 ltuloe
1328 3636 1377 3700 ire,

278 3708 382 3758 Italiam
406 3710 544 3759 adveutum
564 3725 674 3774 regnare
694 3712 808 3765 Macedo
848 3716 920 3778 quari
932 3715 1101 3776 intvtportw,
1114 3715 1139 3762 ln
1149 3715 1260 3762 virorum
1272 3711 1378 3771 eedem

278 3783 368 3848 cepit.
401 3784 476 3834 Circe
499 3791 600 3835 textum
625 3793 711 3836 antem
730 3790 809 3851 repti-
848 3789 1021 3839 Macedonem
1033 3791 1081 3837 ieie
1093 3789 1126 3837 ad
1143 3788 1247 3851 Percu,
1264 3788 1377 3853 qneeiln

278 3872 381 3908 murnve
398 3874 491 3910 cunum
506 3873 539 3909 ex
558 3875 609 3926 quo
620 3861 733 3912 Macedo
749 3878 808 3929 reg·
847 3868 1017 3928 γυναικωνῖτιν,
1035 3878 1079 3913 reu
1091 3865 1269 3927 Gynoecenm:
1287 3871 1316 3913 nt
1333 3870 1377 3912 eet

279 3934 368 3996 nebat,
381 3937 423 3997 qui
435 3936 504 3987 Acin
515 3947 743 4001 magnonicurtem
751 3940 808 4006 jem
848 3941 916 4005 apud
928 3942 999 3993 Geli.
1010 3940 1055 3991 lili.
1067 3952 1140 3989 xvir.
1150 3954 1209 4002 cap.
1220 3942 1262 3987 dl·-
1276 3952 1338 4003 quoe
1350 3938 1376 3987 ei

281 4008 434 4071 rnnJeeerer,
451 4012 573 4063 occubuit
585 4013 733 4066 Alexander
744 4018 807 4082 Epi·
847 4032 938 4068 renam
955 4017 999 4083 qni
1013 4015 1185 4080 expeditionir
1205 4015 1280 4063 initio
1298 4014 1378 4064 meri·

281 4088 337 4132 rote
349 4084 405 4148 ejus
415 4088 565 4139 avunculum
846 4093 921 4157 unni,
931 4094 958 4142 lrl
970 4092 1142 4157 proculdubio
1153 4091 1179 4140 in
1192 4098 1309 4155 tempore
1319 4091 1375 4140 lrel·

313 4156 320 4189 ¹
336 4158 367 4207 le
384 4158 431 4209 etio
452 4164 531 4211 tractu
551 4164 626 4229 erlis]
651 4166 808 4232 speraverit
848 4170 1087 4235 incitatumque:
1099 4175 1160 4219 ente
1170 4166 1348 4231 dietiniqaet.
