3150 4942
297 446 385 511 lene
711 448 714 455 ⁴
766 456 800 504 r.
824 421 921 505 nivii

298 602 434 687 pidibns
456 598 769 677 circumfunduntur,
782 618 823 664 ac
846 599 991 683 peditem
1010 596 1046 660 in
1061 616 1204 680 pugnam
1220 596 1336 662 redire
1345 598 1402 681 jn·
1491 585 1494 589 ⁵

297 706 386 769 bent.
431 702 509 767 Non
525 702 632 766 virtus
647 700 754 765 solum
771 700 955 776 consulem,
968 697 1031 761 sed
1046 697 1116 762 ints
1132 698 1230 762 etiam
1248 698 1405 781 adjuvit3

299 804 390 889 quod
415 822 481 866 non
503 804 692 867 institerunt
712 800 891 875 Samnites,
908 800 1124 882 spatiumque
1149 800 1405 881 circumagendi

299 910 394 990 signa
408 903 625 987 vertendique
640 904 747 967 aciem
763 922 784 967 a
798 902 916 966 castris
929 902 963 964 in
976 900 1106 966 hostem
1121 900 1196 964 fnit.
1234 900 1326 965 'hm
1342 901 1406 965 alii

194 1080 200 1095 ,
300 1009 388 1077 alios
401 1005 535 1083 hortari,
551 1012 589 1069 ut
605 1011 796 1090 repeterent
810 1021 975 1086 pugnem:
998 1002 1212 1068 centuriones
1233 1003 1280 1066 ab
1295 1004 1406 1083 signi·

300 1108 380 1173 ieris
408 1114 508 1191 rapta
537 1106 634 1189 signa
661 1106 802 1184 inferre;
831 1109 867 1169 et
891 1103 1069 1168 ostendere
1096 1104 1181 1182 suis,
1207 1122 1343 1187 pancos
1369 1111 1406 1168 et

300 1208 470 1277 ordinibus
496 1206 728 1290 incompositis
751 1204 857 1269 effuse
882 1204 995 1269 venire
1021 1203 1150 1268 hostes.
1203 1204 1298 1269 Inter
1323 1204 1402 1268 lucc

301 1310 431 1387 consul,
448 1328 564 1374 manns
587 1308 629 1373 ad
651 1308 776 1373 coelum
800 1306 971 1383 attollens,
987 1323 1071 1371 voce
1092 1306 1196 1380 clare,
1213 1306 1264 1370 ita
1283 1313 1321 1369 nt
1341 1325 1402 1369 ex·

301 1411 477 1488 audiretur,
500 1410 660 1493 templum
686 1407 766 1473 Jovi
792 1408 918 1473 Statori
942 1415 1055 1486 vovet,
1081 1408 1113 1471 si
1139 1408 1351 1472 constitisset
1378 1426 1404 1471 a

301 1514 381 1597 t'nga
415 1512 569 1576 Romana
602 1510 708 1587 acies,
740 1509 1029 1593 redintegratoque
1063 1510 1182 1591 praelio
1218 1509 1408 1574 cecidisset

303 1614 511 1695 vicissetque
535 1612 682 1693 legiones
706 1611 919 1676 Samnitium·
963 1609 1093 1675 Omnes
1117 1609 1266 1693 undique
1291 1612 1408 1675 annisi

302 1712 347 1778 ad
367 1711 600 1777 restituendam
616 1730 774 1794 pugnam,
791 1710 904 1788 daces,
918 1710 1052 1789 milites,
1066 1711 1220 1794 peditum
1234 1712 1407 1795 equitnm·

304 1832 369 1897 que
391 1814 463 1877 vis:
485 1830 607 1877 nnmen
629 1813 730 1877 etiam
755 1812 901 1877 Deorum
923 1813 1116 1896 respexisse
1136 1832 1258 1876 nomen
1275 1812 1407 1878 Roma·

303 1934 382 1979 num
397 1914 518 1978 visnrn.
563 1914 661 1979 Adeo
675 1913 774 1980 facile
789 1914 948 1979 inclinata
965 1934 1032 1992 res,
1044 1914 1233 1997 repulsique
1247 1932 1271 1978 a
1285 1915 1409 1977 castris

303 2016 437 2095 hostes3
459 2033 540 2080 mox
554 2014 655 2080 etiam
670 2014 794 2079 redacti
806 2013 850 2079 ad
865 2034 940 2078 enm
953 2015 1079 2089 locum,
1090 2016 1124 2078 in
1137 2033 1206 2098 quo
1219 2014 1409 2079 commissa

305 2136 419 2199 pugna
439 2122 518 2182 erat.
563 2115 629 2193 Ibi,
644 2114 816 2197 objacente
839 2116 1044 2179 sarcinarum
1062 2116 1210 2195 cumulo,
1224 2134 1314 2198 quas
1329 2135 1411 2180 con-

301 2216 452 2300 jecerunt
474 2218 508 2280 in
531 2214 686 2291 medium,
709 2214 834 2278 haesere
857 2214 1031 2297 impediti:
1060 2215 1192 2293 deinde,
1215 2234 1257 2278 ne
1281 2216 1409 2300 diripe·

304 2325 417 2383 rentur
432 2336 494 2397 res,
509 2318 620 2381 orbem
636 2324 839 2381 armatorum
854 2316 996 2382 sarcinis
1006 2322 1034 2353 ‘⁰
1053 2316 1272 2381 circumdent.
1315 2316 1409 2382 'liam

306 2438 387 2485 vero
402 2438 461 2483 ens
474 2438 497 2483 a
510 2417 617 2483 fronte
632 2436 746 2498 urgere
760 2416 905 2499 pedites,
917 2418 961 2480 ab
976 2422 1068 2498 tergo
1082 2417 1300 2482 circumvecti
1311 2419 1410 2502 eqni·

306 2530 372 2586 tes.
416 2519 472 2584 Ita
493 2520 527 2582 in
550 2518 662 2583 medio
686 2519 767 2582 caesi
790 2518 962 2599 captique.
1006 2518 1226 2600 Captivorum
1249 2538 1410 2583 numerus

306 2622 371 2685 init
393 2626 521 2701 septem
545 2618 685 2682 millium
707 2637 747 2682 ac
769 2619 1012 2696 ducentomm,¹
1037 2620 1094 2702 qni
1108 2638 1225 2684 omnes
1240 2620 1322 2684 nudi
1344 2622 1409 2685 snt

302 2722 420 2806 jugum
435 2718 540 2783 missi.
578 2717 696 2783 Caesos
709 2717 849 2782 retulere
859 2718 904 2781 ad
915 2726 1059 2801 qnatnor
1070 2718 1178 2783 millia
1189 2721 1409 2802 octingentos

309 2822 365 2889 Ne
389 2818 556 2887 Romanis
577 2818 713 2901 quidem
729 2819 808 2883 laeta
824 2820 966 2884 victoria
981 2820 1055 2885 snit
1100 2818 1315 2885 Recensente
1327 2841 1410 2887 con·

307 2924 380 2989 sule
404 2922 504 2985 biduo
524 2928 698 3002 ncoeptem
716 2919 861 2998 cladem,
877 2921 1075 2985 amissorum
1090 2921 1234 2985 militnm
1250 2940 1409 2987 numerus

308 3023 433 3089 relatus
457 3026 587 3104 septem
615 3021 752 3089 millium
781 3041 823 3086 ac
851 3021 1097 3086 ducentorum.²
1157 3022 1247 3087 Dum
1273 3024 1349 3087 nec
1373 3024 1410 3087 in

309 3124 438 3210 Apulia
451 3125 677 3205 gerebantur:
696 3124 802 3189 altero
817 3124 969 3188 exercitu
983 3123 1153 3188 Samnites
1167 3123 1409 3202 Interamnam,

308 3226 474 3290 coloniam
497 3222 696 3300 Romnum,
711 3245 787 3311 qnae
802 3226 861 3289 via
874 3224 996 3289 Latina
1010 3230 1087 3303 est·
1100 3244 1269 3308 occupare
1281 3226 1408 3302 munti

308 3327 708 3393 nrbemnontenuernnt:
731 3325 1130 3429 agrosdepopnlnticnm
1143 3325 1408 3409 praedamsliam

762 3494 945 3515 Olmm

307 3616 341 3665 2⁰
357 3610 432 3661 ‘Ver
442 3610 552 3667 metris,
567 3624 625 3674 qne
643 3610 719 3660 modo
739 3609 882 3673 precessit,
899 3609 966 3662 torte
983 3610 1105 3673 delenda,
1115 3617 1145 3662 et
1155 3626 1170 3661 s
1180 3624 1262 3675 marg.
1281 3608 1409 3673 irrepsit'

309 3678 460 3741 rem-r
477 3674 593 3725 Gronov.
609 3674 716 3737 Donjst.
733 3674 851 3725 Crevier.
870 3676 914 3726 ull.
930 3680 1147 3726 trecentorum-²
1164 3676 1262 3741 θυμω
1272 3674 1409 3728 sillium·

805 3820 913 3872 Now

341 3917 429 3967 'Dru
438 3918 521 3967 raca
530 3914 776 3981 sputaminum]
787 3916 838 3965 Ln-
878 3914 999 3970 amnium,
1015 3914 1049 3964 nd
1064 3914 1144 3965 Lirim
1160 3912 1267 3965 tlnriuu
1286 3913 1347 3977 init,
1360 3915 1408 3967 nbi

308 3996 381 4045 ceris
391 3994 468 4050 enim,
480 3994 510 4042 sd
523 4006 598 4055 qnam
610 3990 677 4041 rtnb
687 4006 762 4055 qnam
775 4006 839 4055 png·
878 4003 947 4039 nnnc
958 3990 1051 4051 linis,
1065 3990 1141 4039 clnr.
1157 3997 1185 4039 at
1204 3989 1353 4051 Holstenio,
1363 3991 1409 4039 stri

310 4080 409 4127 narum.
426 4069 453 4119 in
474 4068 569 4131 Apulis
591 4066 705 4130 Dsnnir,
726 4072 756 4116 nt
777 4074 838 4117 ante
880 4066 990 4115 Tor-redi
1002 4066 1120 4127 Tamtu,
1136 4066 1206 4116 hand
1224 4066 1410 4129 procationi-

313 4144 435 4195 dirimas.
878 4142 1056 4204 nmeregione
1064 4141 1410 4206 cepisses-secmari-

342 4226 355 4253 ⁸
365 4218 587 4279 intormemeol.
596 4216 666 4267 lton.
677 4230 730 4279 psa
739 4216 779 4266 utu
790 4216 839 4265 la·
879 4218 906 4266 in
917 4217 1026 4278 Volscis,
1036 4230 1105 4266 nnnc
1119 4216 1146 4265 in
1162 4217 1246 4268 Terra
1260 4217 1370 4269 labris
1381 4224 1411 4267 et

315 4294 367 4343 tiss
376 4292 424 4355 ert]
441 4294 507 4343 llee
518 4292 676 4349 interamne,
687 4294 743 4345 rire
754 4292 839 4353 luter·
880 4306 961 4356 regno
972 4292 1155 4356 Neapolitano·
