3150 4942
281 360 368 429 1⁰58
680 425 683 428 ,
750 375 786 424 r.
809 373 906 422 urvrr

280 524 477 588 crearentur.
520 517 631 586 creati
652 519 727 602 ipse
750 517 788 582 C.
812 515 987 600 Sulpicius
1011 515 1180 593 Peticus?
1200 516 1260 600 qni
1282 517 1380 600 prior

278 625 466 706 interregno
488 621 585 700 abiit,
599 627 635 686 et
653 620 695 684 Τ.
709 617 871 698 Quintius
891 617 1040 682 Pennus.
1085 616 1235 695 Quidam
1250 617 1380 684 Kasso-

278 743 364 802 nem,
389 722 446 788 alii
473 720 593 787 Gaium
616 739 737 786 nomeu
766 717 908 796 Quintio
933 717 1119 803 adjiciunt.¹
1163 717 1220 783 Ad
1248 719 1378 786 bellum

278 826 378 892 ambo
390 823 541 916 pfoiccti,
556 819 725 886 Faliscum
744 819 913 898 Quintius,
928 819 1102 902 Sulpicius
1115 818 1377 902 Tarquiniense,

276 943 442 1008 nusquam
458 923 531 988 acic
542 941 719 1002 congressu
734 921 845 997 hoste,
855 938 932 984 cnm
946 920 1036 1002 agris
1046 921 1166 1001 magis,
1180 939 1280 1003 quam
1292 942 1374 987 cum

277 1025 481 1102 huminibus,
506 1022 629 1088 urendo
653 1020 917 1106 populandoque
943 1031 1120 1100 gesserunt
1142 1021 1253 1086 bellu
1275 1024 1376 1106 cujus

277 1127 377 1213 lenton
392 1123 485 1190 velut
499 1123 605 1188 tabis‘
627 1122 723 1186 ssnio
739 1123 828 1186 ricta
849 1120 1024 1204 utriusque
1045 1122 1236 1202 pertinacia
1250 1123 1376 1205 populi

277 1233 341 1304 est,
355 1235 394 1291 ut
408 1226 549 1309 primum
565 1243 586 1288 a
599 1223 808 1300 consulibus,
817 1222 894 1286 dein
909 1222 1076 1304 permissu
1089 1241 1203 1286 eorum
1218 1223 1264 1288 ab
1274 1243 1376 1289 aaa·

277 1334 314 1394 tu
328 1326 485 1392 inducias
498 1331 658 1408 poteraut.
702 1323 744 1388 Iu
757 1321 979 1407 quadraginin
988 1342 1095 1388 annos
1104 1325 1374 1408 impetraverant.

277 1428 343 1506 Its,
358 1427 473 1512 posita
493 1425 633 1490 duonum
649 1425 821 1504 bellorum,
838 1444 915 1509 qnae
935 1425 1164 1505 imminebant,
1183 1445 1278 1505 curn,
1293 1426 1376 1490 dum

276 1529 393 1613 aliqua
408 1529 452 1593 ab
466 1526 567 1594 armis
581 1527 677 1610 quies
691 1533 793 1606 essct,
807 1528 887 1611 quia
906 1526 1031 1592 solutio
1050 1529 1128 1593 ceris
1143 1526 1240 1592 alieni
1253 1527 1376 1592 multa·

275 1649 348 1694 rnm
364 1647 471 1692 rerum
486 1632 670 1692 mutaverat
682 1627 848 1706 dominos,
868 1646 1003 1693 censum
1017 1630 1073 1710 agi
1092 1627 1229 1712 placuit.
1272 1628 1375 1694 Cete-

275 1749 347 1796 rum
364 1748 439 1795 cnm
461 1729 653 1794 moribus
675 1727 830 1794 creandis
851 1729 978 1795 indicta
1000 1731 1137 1795 comitia
1153 1735 1279 1806 esseut,
1293 1747 1375 1812 pro·

273 1833 386 1896 fessus
401 1847 573 1895 censuram
595 1847 632 1894 se
647 1835 756 1912 petere
770 1830 812 1894 G.
835 1827 987 1895 Marcius
1004 1829 1154 1908 Rutilus,
1169 1830 1229 1913 qni
1241 1831 1373 1912 primus

275 1933 416 1997 dictator
444 1931 487 1995 de
516 1930 616 2014 plebe
641 1931 763 2007 iuerat,
787 1930 1003 1994 concordiam
1029 1929 1180 1994 ordinum
1213 1931 1370 1994 turbarit.

277 2031 380 2111 Quod
396 2031 570 2096 videbatur
584 2031 720 2114 quidem
734 2036 885 2114 tempure
899 2030 1012 2095 alienu
1025 2032 1168 2111 fecissen
1181 2032 1371 2114 quiaambo

274 2145 346 2200 tum
362 2135 446 2199 torte
462 2133 593 2216 patricii
613 2133 768 2198 consules
789 2139 894 2210 crant,
909 2134 967 2216 qni
990 2133 1154 2197 radonem
1170 2132 1245 2214 ejus
1258 2145 1296 2196 sc
1308 2133 1373 2196 lra-

273 2237 402 2302 bitures
416 2235 593 2316 negabant.
638 2233 708 2296 Sed
730 2240 766 2297 et
790 2233 867 2317 ipse
889 2234 1077 2298 constantin
1097 2233 1266 2315 inceptum
1282 2233 1367 2297 obti-

272 2336 357 2411 nuit,
384 2341 418 2398 ct
442 2332 576 2408 tribuni,
602 2332 695 2396 omui
720 2332 755 2396 ri
784 2332 1015 2415 recuperando
1043 2332 1102 2416 jur
1131 2331 1370 2397 consularibus

272 2434 422 2502 comitiis
437 2431 610 2510 amissum,
627 2433 845 2517 adjuverant3
866 2441 990 2498 etcum
1005 2435 1115 2518 ipsius
1128 2434 1192 2498 riri
1206 2433 1368 2516 majestas

272 2535 396 2600 nullius
416 2531 549 2596 honoris
570 2531 737 2615 fastigium
761 2555 827 2599 uun
850 2536 1020 2618 aequabat,
1039 2541 1108 2599 tum
1131 2553 1192 2618 per
1213 2533 1368 2608 eundem,

272 2634 330 2720 qui
346 2632 389 2697 ad
409 2632 609 2697 dictaturam
631 2635 817 2717 aperuisset
838 2635 939 2714 viam,
960 2638 1157 2700 ceusuram⁴
1178 2651 1311 2718 quoque
1332 2634 1368 2697 in

271 2740 398 2820 partem
411 2737 542 2800 vocari⁰
555 2735 671 2819 plebes
686 2736 834 2804 volebat.
879 2737 955 2802 Nec
971 2737 1131 2804 variatum
1146 2736 1292 2801 comitiis
1305 2740 1368 2815 est,

303 2913 312 2944 ⁸
330 2909 404 2972 cuer
414 2911 564 2968 incommodi,
573 2915 685 2974 tanqam
696 2911 762 2974 lorgi
771 2911 895 2976 regnisque
905 2911 1029 2972 macris
1037 2909 1203 2959 disturitctc.

724 3053 909 3076 Momm

271 3167 387 3231 proiecta
399 3167 540 3217 ridentur?
559 3168 709 3230 nupera-s
726 3167 774 3216 ‘ln
795 3167 906 3232 rutiqnlr
919 3167 992 3217 libris
1003 3167 1109 3230 legitur,
1124 3165 1222 3229 quidm
1237 3166 1367 3221 Cam,

270 3232 314 3279 alid
324 3246 450 3294 ωμοιη
463 3233 564 3288 Qsialio
574 3233 706 3293 waiam:
723 3245 780 3308 ques
792 3232 872 3280 lectio
884 3233 994 3294 vestigia
1005 3244 1136 3293 germana
1148 3229 1265 3278 leudonis
1276 3237 1364 3277 orten-

271 3294 310 3343 dit
320 3312 328 3354 ;
340 3310 397 3359 qua
415 3301 471 3344 ecl:
491 3297 535 3345 alii
552 3298 582 3345 c.
592 3309 676 3344 remea
687 3295 788 3352 Quantis
801 3294 924 3355 admunt.
958 3297 1137 3358 Dcprarstunr
1148 3300 1189 3342 cet
1198 3293 1266 3342 eninr
1279 3293 1310 3340 C.
1320 3305 1364 3341 no·

270 3371 333 3420 ner,
352 3367 529 3424 nr'rrtstumque
549 3361 660 3422 primurn
679 3360 705 3408 in
718 3373 837 3411 moisen.
854 3367 914 3421 post
928 3360 954 3407 in
972 3373 1105 3418 coprem
1139 3358 1365 3406 Nmantemet

270 3425 419 3485 pracontal
439 3431 468 3474 et
484 3425 630 3487 cognomini
641 3420 778 3486 crepuit!
793 3422 928 3484 sigua-⁴
946 3421 1022 3485 Cani.
1035 3423 1062 3474 l.
1078 3423 1107 3471 F.
1122 3420 1236 3471 Gronov.
1251 3435 1366 3472 cama.

760 3564 784 3614 N
790 3563 873 3614 OTAE

300 3657 315 3688 ⁶
334 3659 365 3708 Α.
378 3657 521 3708 U.C.t⁰2.
627 3699 630 3706 r
837 3677 901 3725 nrm,
912 3661 1136 3723 hereditatium
1147 3675 1233 3711 rernm
1243 3674 1365 3725 quarum·

300 3744 312 3770 ⁰
330 3735 559 3796 Crusrnmqsoqcs
569 3731 796 3796 asperemound]
835 3737 874 3785 ric
884 3737 1041 3800 assignatur.
1072 3737 1126 3787 Sed
1137 3745 1165 3786 st
1177 3735 1286 3800 figurate
1299 3736 1363 3785 dici-

267 3811 331 3873 Legi
359 3808 428 3858 forte
451 3821 501 3856 uon
523 3807 685 3856 incommode
706 3817 795 3870 persor
835 3811 1203 3868 rurdcrebucmrhaeloee:
1219 3821 1362 3875 maquere-

265 3881 505 3946 asumptoque·
521 3886 623 3945 purim·
634 3884 721 3940 meari,
740 3885 795 3947 pla·
835 3901 930 3938 vocate
942 3889 977 3938 rd
995 3890 1145 3938 divisionem
1166 3899 1288 3953 tanquam
1307 3905 1365 3942 rena

266 3959 325 4009 bem
354 3959 479 4015 nimirum,
507 3958 541 4007 de
568 3971 619 4022 quc
642 3958 684 4007 lric
700 3973 793 4009 sermo.
834 3963 1128 4026 queeommuniseuet
1141 3963 1251 4027 plebeiis
1269 3973 1298 4014 st
1316 3980 1362 4029 ps·

266 4036 361 4084 Verum
375 4034 518 4094 elegantior
530 4033 635 4098 vulgata
646 4035 734 4086 lertio.
758 4037 795 4086 Et
834 4037 990 4100 tristiaque
1005 4038 1092 4100 plures
1105 4037 1214 4101 alicujus
1231 4039 1269 4086 rei
1281 4041 1362 4100 parti·

265 4107 372 4174 proprie
385 4107 488 4170 quidem
498 4127 500 4132 ·
510 4123 628 4170 personae
649 4111 674 4160 iu
692 4118 794 4175 partem
833 4110 986 4174 ripertiaut.
1005 4113 1071 4162 Naar
1081 4123 1106 4161 et
1119 4113 1260 4162 inanimata
1268 4129 1363 4164 rccrrc
1445 4116 1448 4119 ’

266 4184 351 4234 vocari
370 4182 501 4246 dicuntur,
518 4198 575 4234 cum
588 4187 625 4234 cir
637 4201 696 4248 pars
714 4185 795 4237 bono·
833 4187 943 4238 dicimur
959 4186 992 4237 sd
1009 4187 1116 4253 aliquid,
1134 4188 1161 4238 ld
1178 4195 1229 4244 est,
1248 4191 1362 4247 traicere,
