<?xml version="1.0" encoding="UTF-8"?>
<!DOCTYPE html PUBLIC "-//W3C//DTD XHTML 1.0 Transitional//EN"
    "http://www.w3.org/TR/xhtml1/DTD/xhtml1-transitional.dtd">
<html xmlns="http://www.w3.org/1999/xhtml" xml:lang="en" lang="en">
 <head>
  <title>
</title>
<meta http-equiv="Content-Type" content="text/html;charset=utf-8" />
  <meta name='ocr-system' content='tesseract 3.04.00' />
  <meta name='ocr-capabilities' content='ocr_page ocr_carea ocr_par ocr_line ocrx_word'/>
</head>
<body>
  <div class='ocr_page' id='page_1' title='image "./tliviipatavinih06rupegoog/tliviipatavinih06rupegoog_0027.png"; bbox 0 0 3150 4942; ppageno 0'>
   <div class='ocr_carea' id='block_1_1' title="bbox 619 418 1313 491">
    <p class='ocr_par' dir='ltr' id='par_1_1' title="bbox 619 418 1313 491">
     <span class='ocr_line' id='line_1_1' title="bbox 619 418 1313 491; baseline 0.016 -11"><span class='ocrx_word' id='word_1_1' title='bbox 619 433 692 480; x_wconf 81' lang='lat' dir='ltr'><strong>urs.</strong></span> <span class='ocrx_word' id='word_1_2' title='bbox 717 433 767 482; x_wconf 83' lang='lat' dir='ltr'><strong>vr.</strong></span> <span class='ocrx_word' id='word_1_3' title='bbox 791 433 874 482; x_wconf 81' lang='lat' dir='ltr'><strong>css.</strong></span> <span class='ocrx_word' id='word_1_4' title='bbox 895 418 928 482; x_wconf 84' lang='lat'><strong>9.</strong></span> <span class='ocrx_word' id='word_1_5' title='bbox 1248 427 1313 491; x_wconf 79' lang='lat'><strong>941</strong></span> 
     </span>
    </p>
   </div>
   <div class='ocr_carea' id='block_1_2' title="bbox 183 569 1377 2569">
    <p class='ocr_par' dir='ltr' id='par_1_2' title="bbox 225 569 1313 962">
     <span class='ocr_line' id='line_1_2' title="bbox 225 569 1313 668; baseline 0.006 -25"><span class='ocrx_word' id='word_1_6' title='bbox 225 585 318 643; x_wconf 84' lang='lat' dir='ltr'><strong>tatus</strong></span> <span class='ocrx_word' id='word_1_7' title='bbox 332 577 467 655; x_wconf 82' lang='lat' dir='ltr'><strong>milites,</strong></span> <span class='ocrx_word' id='word_1_8' title='bbox 487 596 540 654; x_wconf 88' lang='lat' dir='ltr'><strong>nc,</strong></span> <span class='ocrx_word' id='word_1_9' title='bbox 565 579 723 659; x_wconf 86' lang='lat' dir='ltr'><strong>tanquam</strong></span> <span class='ocrx_word' id='word_1_10' title='bbox 754 569 870 654; x_wconf 85' lang='lat' dir='ltr'><strong>Veios</strong></span> <span class='ocrx_word' id='word_1_11' title='bbox 889 578 1131 662; x_wconf 74' lang='lat' dir='ltr'><strong>oppugnantes,</strong></span> <span class='ocrx_word' id='word_1_12' title='bbox 1154 583 1188 648; x_wconf 92' lang='lat' dir='ltr'><strong>in</strong></span> <span class='ocrx_word' id='word_1_13' title='bbox 1211 604 1313 668; x_wconf 81' lang='lat' dir='ltr'><strong>opere</strong></span> 
     </span>
     <span class='ocr_line' id='line_1_3' title="bbox 226 677 1312 766; baseline 0.006 -25"><span class='ocrx_word' id='word_1_14' title='bbox 226 678 409 762; x_wconf 77' lang='lat' dir='ltr'><strong>longinquo</strong></span> <span class='ocrx_word' id='word_1_15' title='bbox 422 697 496 742; x_wconf 86' lang='lat' dir='ltr'><strong>sese</strong></span> <span class='ocrx_word' id='word_1_16' title='bbox 510 684 673 752; x_wconf 56' lang='lat' dir='ltr'><strong>tererent?</strong></span> <span class='ocrx_word' id='word_1_17' title='bbox 686 677 862 742; x_wconf 83' lang='lat' dir='ltr'><strong>victoriam</strong></span> <span class='ocrx_word' id='word_1_18' title='bbox 872 680 905 742; x_wconf 90' lang='lat' dir='ltr'><strong>iu</strong></span> <span class='ocrx_word' id='word_1_19' title='bbox 916 683 1070 747; x_wconf 86' lang='lat' dir='ltr'><strong>manibus</strong></span> <span class='ocrx_word' id='word_1_20' title='bbox 1079 704 1175 765; x_wconf 81' lang='lat' dir='ltr'><strong>essc3</strong></span> <span class='ocrx_word' id='word_1_21' title='bbox 1186 686 1312 766; x_wconf 79' lang='lat' dir='ltr'><strong>ingenti</strong></span> 
     </span>
     <span class='ocr_line' id='line_1_4' title="bbox 227 779 1312 881; baseline 0.009 -40"><span class='ocrx_word' id='word_1_22' title='bbox 227 780 367 844; x_wconf 91' lang='lat' dir='ltr'><strong>militum</strong></span> <span class='ocrx_word' id='word_1_23' title='bbox 381 780 552 881; x_wconf 75' lang='lat' dir='ltr'><strong>alacritate</strong></span> <span class='ocrx_word' id='word_1_24' title='bbox 567 779 691 842; x_wconf 87' lang='lat' dir='ltr'><strong>moenie</strong></span> <span class='ocrx_word' id='word_1_25' title='bbox 717 779 864 862; x_wconf 90' lang='lat' dir='ltr'><strong>undique</strong></span> <span class='ocrx_word' id='word_1_26' title='bbox 886 799 1073 862; x_wconf 75' lang='lat' dir='ltr'>aggressus,</span> <span class='ocrx_word' id='word_1_27' title='bbox 1094 785 1198 850; x_wconf 86' lang='lat' dir='ltr'><strong>scalis</strong></span> <span class='ocrx_word' id='word_1_28' title='bbox 1216 789 1312 869; x_wconf 82' lang='lat' dir='ltr'><strong>oppi-</strong></span> 
     </span>
     <span class='ocr_line' id='line_1_5' title="bbox 227 878 1161 962; baseline 0.007 -19"><span class='ocrx_word' id='word_1_29' title='bbox 227 879 308 945; x_wconf 87' lang='lat' dir='ltr'><strong>dum</strong></span> <span class='ocrx_word' id='word_1_30' title='bbox 323 881 423 962; x_wconf 85' lang='lat' dir='ltr'><strong>cepit.</strong></span> <span class='ocrx_word' id='word_1_31' title='bbox 465 879 584 943; x_wconf 81' lang='lat' dir='ltr'><strong>Volsci</strong></span> <span class='ocrx_word' id='word_1_32' title='bbox 599 878 739 962; x_wconf 85' lang='lat' dir='ltr'><strong>abjectis</strong></span> <span class='ocrx_word' id='word_1_33' title='bbox 754 881 854 944; x_wconf 88' lang='lat' dir='ltr'><strong>armis</strong></span> <span class='ocrx_word' id='word_1_34' title='bbox 868 900 943 945; x_wconf 86' lang='lat' dir='ltr'><strong>sese</strong></span> <span class='ocrx_word' id='word_1_35' title='bbox 958 881 1161 950; x_wconf 86' lang='lat' dir='ltr'><strong>dediderunt.</strong></span> 
     </span>
    </p>

    <p class='ocr_par' dir='ltr' id='par_1_3' title="bbox 183 978 1377 2569">
     <span class='ocr_line' id='line_1_6' title="bbox 268 978 1312 1063; baseline 0.001 -18"><span class='ocrx_word' id='word_1_36' title='bbox 268 983 301 1045; x_wconf 89' lang='grc'><strong>9.</strong></span> <span class='ocrx_word' id='word_1_37' title='bbox 323 980 479 1044; x_wconf 87' lang='lat' dir='ltr'><strong>Ceterum</strong></span> <span class='ocrx_word' id='word_1_38' title='bbox 492 978 621 1042; x_wconf 88' lang='lat' dir='ltr'><strong>animus</strong></span> <span class='ocrx_word' id='word_1_39' title='bbox 636 978 733 1042; x_wconf 91' lang='lat' dir='ltr'><strong>ducis</strong></span> <span class='ocrx_word' id='word_1_40' title='bbox 747 980 796 1042; x_wconf 90' lang='lat' dir='ltr'><strong>rei</strong></span> <span class='ocrx_word' id='word_1_41' title='bbox 818 980 947 1061; x_wconf 83' lang='lat' dir='ltr'><strong>majori,</strong></span> <span class='ocrx_word' id='word_1_42' title='bbox 965 981 1080 1063; x_wconf 83' lang='lat' dir='ltr'><strong>Antio,</strong></span> <span class='ocrx_word' id='word_1_43' title='bbox 1104 985 1312 1051; x_wconf 77' lang='lat' dir='ltr'><strong>imminebat.</strong></span> 
     </span>
     <span class='ocr_line' id='line_1_7' title="bbox 227 1079 1317 1176; baseline 0.004 -32"><span class='ocrx_word' id='word_1_44' title='bbox 227 1081 270 1176; x_wconf 89' lang='lat' dir='ltr'><strong>Id</strong></span> <span class='ocrx_word' id='word_1_45' title='bbox 293 1087 398 1163; x_wconf 85' lang='lat' dir='ltr'><strong>caput</strong></span> <span class='ocrx_word' id='word_1_46' title='bbox 417 1079 631 1152; x_wconf 87' lang='lat' dir='ltr'><strong>Volscorum,</strong></span> <span class='ocrx_word' id='word_1_47' title='bbox 654 1098 727 1142; x_wconf 85' lang='lat' dir='ltr'><strong>eam</strong></span> <span class='ocrx_word' id='word_1_48' title='bbox 751 1080 857 1148; x_wconf 85' lang='lat' dir='ltr'><strong>fuisse</strong></span> <span class='ocrx_word' id='word_1_49' title='bbox 870 1082 1026 1163; x_wconf 77' lang='lat' dir='ltr'><strong>originem</strong></span> <span class='ocrx_word' id='word_1_50' title='bbox 1041 1085 1189 1166; x_wconf 85' lang='lat' dir='ltr'><strong>proximi</strong></span> <span class='ocrx_word' id='word_1_51' title='bbox 1209 1084 1317 1150; x_wconf 70' lang='lat' dir='ltr'><strong>belli!</strong></span> 
     </span>
     <span class='ocr_line' id='line_1_8' title="bbox 225 1179 1313 1268; baseline 0.006 -24"><span class='ocrx_word' id='word_1_52' title='bbox 225 1182 292 1246; x_wconf 89' lang='lat' dir='ltr'><strong>Sed</strong></span> <span class='ocrx_word' id='word_1_53' title='bbox 306 1183 386 1265; x_wconf 86' lang='lat' dir='ltr'><strong>quia</strong></span> <span class='ocrx_word' id='word_1_54' title='bbox 401 1181 467 1245; x_wconf 90' lang='lat' dir='ltr'><strong>nisi</strong></span> <span class='ocrx_word' id='word_1_55' title='bbox 482 1179 601 1262; x_wconf 80' lang='lat' dir='ltr'><strong>magno</strong></span> <span class='ocrx_word' id='word_1_56' title='bbox 616 1187 790 1264; x_wconf 86' lang='lat' dir='ltr'><strong>apparatu,</strong></span> <span class='ocrx_word' id='word_1_57' title='bbox 806 1183 979 1246; x_wconf 88' lang='lat' dir='ltr'><strong>tormentis</strong></span> <span class='ocrx_word' id='word_1_58' title='bbox 993 1186 1229 1268; x_wconf 79' lang='lat' dir='ltr'><strong>machinisque,</strong></span> <span class='ocrx_word' id='word_1_59' title='bbox 1241 1195 1313 1251; x_wconf 83' lang='lat' dir='ltr'><strong>tam</strong></span> 
     </span>
     <span class='ocr_line' id='line_1_9' title="bbox 224 1282 1314 1366; baseline 0.005 -20"><span class='ocrx_word' id='word_1_60' title='bbox 224 1284 338 1348; x_wconf 82' lang='lat' dir='ltr'><strong>ualida</strong></span> <span class='ocrx_word' id='word_1_61' title='bbox 351 1284 456 1346; x_wconf 80' lang='lat' dir='ltr'><strong>urbs⁸</strong></span> <span class='ocrx_word' id='word_1_62' title='bbox 478 1282 556 1364; x_wconf 86' lang='lat' dir='ltr'><strong>capi</strong></span> <span class='ocrx_word' id='word_1_63' title='bbox 571 1299 636 1345; x_wconf 93' lang='lat' dir='ltr'><strong>non</strong></span> <span class='ocrx_word' id='word_1_64' title='bbox 651 1285 799 1363; x_wconf 86' lang='lat' dir='ltr'><strong>poterat;</strong></span> <span class='ocrx_word' id='word_1_65' title='bbox 821 1283 936 1346; x_wconf 88' lang='lat' dir='ltr'><strong>relicto</strong></span> <span class='ocrx_word' id='word_1_66' title='bbox 952 1283 995 1346; x_wconf 86' lang='lat' dir='ltr'><strong>ad</strong></span> <span class='ocrx_word' id='word_1_67' title='bbox 1012 1287 1195 1366; x_wconf 58' lang='lat' dir='ltr'><strong>exercitum</strong></span> <span class='ocrx_word' id='word_1_68' title='bbox 1212 1287 1314 1353; x_wconf 90' lang='lat' dir='ltr'><strong>colle·</strong></span> 
     </span>
     <span class='ocr_line' id='line_1_10' title="bbox 224 1382 1314 1468; baseline 0 -17"><span class='ocrx_word' id='word_1_69' title='bbox 224 1406 278 1468; x_wconf 63' lang='grc' dir='ltr'><strong>ει,</strong></span> <span class='ocrx_word' id='word_1_70' title='bbox 295 1385 437 1449; x_wconf 81' lang='lat' dir='ltr'><strong>Romam</strong></span> <span class='ocrx_word' id='word_1_71' title='bbox 449 1392 503 1447; x_wconf 91' lang='lat' dir='ltr'><strong>est</strong></span> <span class='ocrx_word' id='word_1_72' title='bbox 518 1382 699 1464; x_wconf 86' lang='lat' dir='ltr'><strong>proiectus,</strong></span> <span class='ocrx_word' id='word_1_73' title='bbox 716 1390 753 1445; x_wconf 95' lang='lat' dir='ltr'><strong>ut</strong></span> <span class='ocrx_word' id='word_1_74' title='bbox 772 1389 924 1447; x_wconf 85' lang='lat' dir='ltr'><strong>senatum</strong></span> <span class='ocrx_word' id='word_1_75' title='bbox 945 1383 990 1448; x_wconf 88' lang='lat' dir='ltr'><strong>ud</strong></span> <span class='ocrx_word' id='word_1_76' title='bbox 1010 1385 1229 1449; x_wconf 84' lang='lat' dir='ltr'><strong>excidendum</strong></span> <span class='ocrx_word' id='word_1_77' title='bbox 1245 1383 1314 1451; x_wconf 81' lang='lat' dir='ltr'><strong>An·</strong></span> 
     </span>
     <span class='ocr_line' id='line_1_11' title="bbox 225 1481 1312 1564; baseline 0.001 -13"><span class='ocrx_word' id='word_1_78' title='bbox 225 1487 512 1551; x_wconf 82' lang='lat' dir='ltr'><strong>tiumhortsretur.</strong></span> <span class='ocrx_word' id='word_1_79' title='bbox 540 1483 631 1546; x_wconf 87' lang='lat' dir='ltr'><strong>Inter</strong></span> <span class='ocrx_word' id='word_1_80' title='bbox 641 1500 823 1546; x_wconf 87' lang='lat' dir='ltr'><strong>sermonem</strong></span> <span class='ocrx_word' id='word_1_81' title='bbox 832 1481 906 1564; x_wconf 87' lang='lat' dir='ltr'><strong>ejus</strong></span> <span class='ocrx_word' id='word_1_82' title='bbox 918 1483 1044 1564; x_wconf 89' lang='lat' dir='ltr'><strong>(credo,</strong></span> <span class='ocrx_word' id='word_1_83' title='bbox 1056 1503 1124 1547; x_wconf 84' lang='lat' dir='ltr'><strong>rem</strong></span> <span class='ocrx_word' id='word_1_84' title='bbox 1140 1483 1312 1552; x_wconf 82' lang='lat' dir='ltr'><strong>Antiatem</strong></span> 
     </span>
     <span class='ocr_line' id='line_1_12' title="bbox 225 1581 1313 1668; baseline 0.001 -18"><span class='ocrx_word' id='word_1_85' title='bbox 225 1587 461 1651; x_wconf 81' lang='lat' dir='ltr'><strong>diuturniorem</strong></span> <span class='ocrx_word' id='word_1_86' title='bbox 477 1602 621 1660; x_wconf 86' lang='lat' dir='ltr'><strong>manere,</strong></span> <span class='ocrx_word' id='word_1_87' title='bbox 638 1581 715 1647; x_wconf 90' lang='lat' dir='ltr'><strong>Diis</strong></span> <span class='ocrx_word' id='word_1_88' title='bbox 738 1581 830 1646; x_wconf 88' lang='lat' dir='ltr'><strong>cordi</strong></span> <span class='ocrx_word' id='word_1_89' title='bbox 841 1581 1081 1665; x_wconf 75' lang='lat' dir='ltr'><strong>fuisse)‘legati</strong></span> <span class='ocrx_word' id='word_1_90' title='bbox 1095 1585 1140 1648; x_wconf 84' lang='lat' dir='ltr'><strong>ba</strong></span> <span class='ocrx_word' id='word_1_91' title='bbox 1151 1583 1313 1668; x_wconf 79' lang='lat' dir='ltr'><strong>Nepete¹¹</strong></span> 
     </span>
     <span class='ocr_line' id='line_1_13' title="bbox 226 1681 1313 1766; baseline -0.003 -13"><span class='ocrx_word' id='word_1_92' title='bbox 226 1707 268 1753; x_wconf 85' lang='lat' dir='ltr'><strong>ac</strong></span> <span class='ocrx_word' id='word_1_93' title='bbox 282 1688 405 1763; x_wconf 86' lang='lat' dir='ltr'><strong>Sutrio,</strong></span> <span class='ocrx_word' id='word_1_94' title='bbox 430 1685 592 1750; x_wconf 85' lang='lat' dir='ltr'><strong>auxilium</strong></span> <span class='ocrx_word' id='word_1_95' title='bbox 612 1683 775 1747; x_wconf 83' lang='lat' dir='ltr'><strong>adversus</strong></span> <span class='ocrx_word' id='word_1_96' title='bbox 797 1681 956 1757; x_wconf 78' lang='lat' dir='ltr'><strong>Etruscos</strong></span> <span class='ocrx_word' id='word_1_97' title='bbox 979 1689 1142 1766; x_wconf 83' lang='lat' dir='ltr'><strong>petentes,</strong></span> <span class='ocrx_word' id='word_1_98' title='bbox 1165 1689 1313 1766; x_wconf 84' lang='lat' dir='ltr'><strong>veniunt,</strong></span> 
     </span>
     <span class='ocr_line' id='line_1_14' title="bbox 225 1781 1313 1876; baseline -0.001 -24"><span class='ocrx_word' id='word_1_99' title='bbox 225 1791 357 1853; x_wconf 88' lang='lat' dir='ltr'><strong>brevem</strong></span> <span class='ocrx_word' id='word_1_100' title='bbox 380 1786 680 1876; x_wconf 37' lang='lat' dir='ltr'><strong>occasionem-esse</strong></span> <span class='ocrx_word' id='word_1_101' title='bbox 700 1781 825 1845; x_wconf 87' lang='lat' dir='ltr'><strong>serendi</strong></span> <span class='ocrx_word' id='word_1_102' title='bbox 848 1781 969 1847; x_wconf 74' lang='lat' dir='ltr'><strong>auxilii</strong></span> <span class='ocrx_word' id='word_1_103' title='bbox 986 1791 1216 1848; x_wconf 78' lang='lat' dir='ltr'><strong>memorantes.</strong></span> <span class='ocrx_word' id='word_1_104' title='bbox 1260 1787 1313 1851; x_wconf 89' lang='lat' dir='ltr'><strong>Eo</strong></span> 
     </span>
     <span class='ocr_line' id='line_1_15' title="bbox 224 1882 1314 1966; baseline -0.002 -12"><span class='ocrx_word' id='word_1_105' title='bbox 224 1893 292 1954; x_wconf 84' lang='lat' dir='ltr'><strong>vim</strong></span> <span class='ocrx_word' id='word_1_106' title='bbox 318 1888 451 1953; x_wconf 84' lang='lat' dir='ltr'><strong>camilli</strong></span> <span class='ocrx_word' id='word_1_107' title='bbox 473 1886 517 1949; x_wconf 86' lang='lat' dir='ltr'><strong>ab</strong></span> <span class='ocrx_word' id='word_1_108' title='bbox 539 1883 643 1948; x_wconf 86' lang='lat' dir='ltr'><strong>Antio</strong></span> <span class='ocrx_word' id='word_1_109' title='bbox 667 1882 800 1945; x_wconf 84' lang='lat' dir='ltr'><strong>fortuna</strong></span> <span class='ocrx_word' id='word_1_110' title='bbox 825 1883 953 1947; x_wconf 82' lang='lat' dir='ltr'><strong>avertit</strong></span> <span class='ocrx_word' id='word_1_111' title='bbox 998 1882 1155 1966; x_wconf 87' lang='lat' dir='ltr'><strong>Namque</strong></span> <span class='ocrx_word' id='word_1_112' title='bbox 1176 1904 1253 1950; x_wconf 89' lang='lat' dir='ltr'><strong>cum</strong></span> <span class='ocrx_word' id='word_1_113' title='bbox 1273 1907 1314 1952; x_wconf 83' lang='lat' dir='ltr'><strong>cs</strong></span> 
     </span>
     <span class='ocr_line' id='line_1_16' title="bbox 223 1979 1315 2072; baseline -0.003 -17"><span class='ocrx_word' id='word_1_114' title='bbox 223 1992 300 2055; x_wconf 87' lang='lat' dir='ltr'><strong>locu</strong></span> <span class='ocrx_word' id='word_1_115' title='bbox 313 1988 472 2072; x_wconf 80' lang='lat' dir='ltr'><strong>opposita</strong></span> <span class='ocrx_word' id='word_1_116' title='bbox 483 1979 644 2058; x_wconf 76' lang='lat' dir='ltr'><strong>Etrurine,i</strong></span> <span class='ocrx_word' id='word_1_117' title='bbox 665 1987 697 2045; x_wconf 91' lang='lat' dir='ltr'><strong>et</strong></span> <span class='ocrx_word' id='word_1_118' title='bbox 711 1981 803 2046; x_wconf 86' lang='lat' dir='ltr'><strong>uelut</strong></span> <span class='ocrx_word' id='word_1_119' title='bbox 816 1981 961 2048; x_wconf 80' lang='lat' dir='ltr'><strong>claustra</strong></span> <span class='ocrx_word' id='word_1_120' title='bbox 974 1983 1052 2047; x_wconf 88' lang='lat' dir='ltr'><strong>iude</strong></span> <span class='ocrx_word' id='word_1_121' title='bbox 1072 1990 1244 2069; x_wconf 79' lang='lat' dir='ltr'><strong>portaeque</strong></span> <span class='ocrx_word' id='word_1_122' title='bbox 1260 2007 1315 2052; x_wconf 84' lang='lat' dir='ltr'><strong>es·</strong></span> 
     </span>
     <span class='ocr_line' id='line_1_17' title="bbox 225 2082 1315 2170; baseline -0.003 -15"><span class='ocrx_word' id='word_1_123' title='bbox 225 2098 318 2170; x_wconf 81' lang='lat' dir='ltr'><strong>seut3</strong></span> <span class='ocrx_word' id='word_1_124' title='bbox 341 2096 374 2153; x_wconf 90' lang='lat' dir='ltr'><strong>et</strong></span> <span class='ocrx_word' id='word_1_125' title='bbox 387 2089 453 2153; x_wconf 90' lang='lat' dir='ltr'><strong>illis</strong></span> <span class='ocrx_word' id='word_1_126' title='bbox 468 2082 657 2168; x_wconf 84' lang='lat' dir='ltr'><strong>occupandi</strong></span> <span class='ocrx_word' id='word_1_127' title='bbox 680 2101 732 2158; x_wconf 89' lang='lat' dir='ltr'><strong>ea,</strong></span> <span class='ocrx_word' id='word_1_128' title='bbox 758 2101 833 2146; x_wconf 91' lang='lat' dir='ltr'><strong>cum</strong></span> <span class='ocrx_word' id='word_1_129' title='bbox 856 2082 935 2165; x_wconf 92' lang='lat' dir='ltr'><strong>quid</strong></span> <span class='ocrx_word' id='word_1_130' title='bbox 955 2085 1034 2148; x_wconf 84' lang='lat' dir='ltr'><strong>nori</strong></span> <span class='ocrx_word' id='word_1_131' title='bbox 1057 2085 1258 2163; x_wconf 86' lang='lat' dir='ltr'><strong>molirentur,</strong></span> <span class='ocrx_word' id='word_1_132' title='bbox 1279 2095 1315 2152; x_wconf 90' lang='lat' dir='ltr'><strong>et</strong></span> 
     </span>
     <span class='ocr_line' id='line_1_18' title="bbox 183 2181 1314 2269; baseline -0.003 -14"><span class='ocrx_word' id='word_1_133' title='bbox 183 2253 186 2264; x_wconf 81' lang='grc'>,</span> <span class='ocrx_word' id='word_1_134' title='bbox 227 2191 390 2257; x_wconf 87' lang='lat' dir='ltr'><strong>Romanis</strong></span> <span class='ocrx_word' id='word_1_135' title='bbox 403 2184 622 2269; x_wconf 87' lang='lat' dir='ltr'><strong>recuperandi</strong></span> <span class='ocrx_word' id='word_1_136' title='bbox 638 2181 822 2263; x_wconf 88' lang='lat' dir='ltr'><strong>tuendique</strong></span> <span class='ocrx_word' id='word_1_137' title='bbox 836 2201 919 2245; x_wconf 88' lang='lat' dir='ltr'><strong>cura</strong></span> <span class='ocrx_word' id='word_1_138' title='bbox 932 2189 1015 2246; x_wconf 86' lang='lat' dir='ltr'><strong>erat.</strong></span> <span class='ocrx_word' id='word_1_139' title='bbox 1059 2183 1166 2264; x_wconf 78' lang='lat' dir='ltr'><strong>Igitur</strong></span> <span class='ocrx_word' id='word_1_140' title='bbox 1185 2189 1314 2252; x_wconf 81' lang='lat' dir='ltr'><strong>senatui</strong></span> 
     </span>
     <span class='ocr_line' id='line_1_19' title="bbox 226 2280 1377 2368; baseline -0.004 -12"><span class='ocrx_word' id='word_1_141' title='bbox 226 2311 302 2356; x_wconf 88' lang='lat' dir='ltr'><strong>cnm</strong></span> <span class='ocrx_word' id='word_1_142' title='bbox 318 2289 461 2355; x_wconf 86' lang='lat' dir='ltr'><strong>Camillo</strong></span> <span class='ocrx_word' id='word_1_143' title='bbox 478 2288 531 2368; x_wconf 81' lang='lat' dir='ltr'><strong>agi</strong></span> <span class='ocrx_word' id='word_1_144' title='bbox 544 2283 683 2368; x_wconf 81' lang='lat' dir='ltr'><strong>placuit,</strong></span> <span class='ocrx_word' id='word_1_145' title='bbox 699 2289 748 2357; x_wconf 90' lang='lat' dir='ltr'><strong>ut,</strong></span> <span class='ocrx_word' id='word_1_146' title='bbox 772 2282 899 2345; x_wconf 89' lang='lat' dir='ltr'><strong>omisso</strong></span> <span class='ocrx_word' id='word_1_147' title='bbox 915 2280 1034 2360; x_wconf 85' lang='lat' dir='ltr'><strong>Antio,</strong></span> <span class='ocrx_word' id='word_1_148' title='bbox 1056 2283 1183 2347; x_wconf 89' lang='lat' dir='ltr'><strong>bellum</strong></span> <span class='ocrx_word' id='word_1_149' title='bbox 1199 2284 1313 2350; x_wconf 87' lang='lat' dir='ltr'><strong>Etrus-</strong></span> <span class='ocrx_word' id='word_1_150' title='bbox 1367 2343 1377 2351; x_wconf 93' lang='lat'>.</span> 
     </span>
     <span class='ocr_line' id='line_1_20' title="bbox 225 2380 1315 2471; baseline -0.007 -14"><span class='ocrx_word' id='word_1_151' title='bbox 225 2412 301 2457; x_wconf 92' lang='lat' dir='ltr'><strong>oum</strong></span> <span class='ocrx_word' id='word_1_152' title='bbox 317 2389 515 2471; x_wconf 81' lang='lat' dir='ltr'><strong>susciperet.</strong></span> <span class='ocrx_word' id='word_1_153' title='bbox 559 2383 723 2464; x_wconf 83' lang='lat' dir='ltr'><strong>Legiones</strong></span> <span class='ocrx_word' id='word_1_154' title='bbox 738 2381 885 2459; x_wconf 79' lang='lat' dir='ltr'><strong>urbanae,</strong></span> <span class='ocrx_word' id='word_1_155' title='bbox 900 2381 1022 2463; x_wconf 89' lang='lat' dir='ltr'><strong>quibus</strong></span> <span class='ocrx_word' id='word_1_156' title='bbox 1046 2380 1204 2461; x_wconf 85' lang='lat' dir='ltr'><strong>Quintius</strong></span> <span class='ocrx_word' id='word_1_157' title='bbox 1228 2405 1315 2467; x_wconf 82' lang='lat' dir='ltr'><strong>prae-</strong></span> 
     </span>
     <span class='ocr_line' id='line_1_21' title="bbox 225 2481 1314 2569; baseline -0.004 -14"><span class='ocrx_word' id='word_1_158' title='bbox 225 2488 396 2569; x_wconf 84' lang='lat' dir='ltr'><strong>iuerat,¹⁰¹‘</strong></span> <span class='ocrx_word' id='word_1_159' title='bbox 418 2489 450 2553; x_wconf 91' lang='lat' dir='ltr'><strong>ei</strong></span> <span class='ocrx_word' id='word_1_160' title='bbox 461 2488 687 2552; x_wconf 88' lang='lat' dir='ltr'><strong>decernuntur.</strong></span> <span class='ocrx_word' id='word_1_161' title='bbox 732 2481 933 2565; x_wconf 81' lang='lat' dir='ltr'><strong>Quanquam</strong></span> <span class='ocrx_word' id='word_1_162' title='bbox 948 2490 1120 2565; x_wconf 82' lang='lat' dir='ltr'><strong>expertum</strong></span> <span class='ocrx_word' id='word_1_163' title='bbox 1131 2485 1314 2551; x_wconf 83' lang='lat' dir='ltr'><strong>exeicitum</strong></span> 
     </span>
    </p>
   </div>
   <div class='ocr_carea' id='block_1_3' title="bbox 257 2629 781 2700">
    <p class='ocr_par' dir='ltr' id='par_1_4' title="bbox 257 2629 781 2700">
     <span class='ocr_line' id='line_1_22' title="bbox 257 2629 781 2700; baseline -0.025 -11"><span class='ocrx_word' id='word_1_164' title='bbox 257 2648 270 2672; x_wconf 78' lang='lat'>⁸</span> <span class='ocrx_word' id='word_1_165' title='bbox 289 2637 420 2688; x_wconf 77' lang='lat' dir='ltr'><strong>Diuturais</strong></span> <span class='ocrx_word' id='word_1_166' title='bbox 429 2634 537 2700; x_wconf 72' lang='lat' dir='ltr'><strong>operibus</strong></span> <span class='ocrx_word' id='word_1_167' title='bbox 546 2629 720 2693; x_wconf 59' lang='lat' dir='ltr'><strong>“seligerent</strong></span> <span class='ocrx_word' id='word_1_168' title='bbox 779 2637 781 2643; x_wconf 92' lang='grc'><strong><em>·</em></strong></span> 
     </span>
    </p>
   </div>
   <div class='ocr_carea' id='block_1_4' title="bbox 260 2835 1315 2918">
    <p class='ocr_par' dir='ltr' id='par_1_5' title="bbox 260 2835 1315 2918">
     <span class='ocr_line' id='line_1_23' title="bbox 260 2835 1315 2918; baseline -0.017 -22"><span class='ocrx_word' id='word_1_169' title='bbox 260 2852 291 2898; x_wconf 82' lang='lat'><strong>1⁰</strong></span> <span class='ocrx_word' id='word_1_170' title='bbox 308 2845 457 2909; x_wconf 86' lang='lat' dir='ltr'><strong>Ccujiciuut</strong></span> <span class='ocrx_word' id='word_1_171' title='bbox 468 2843 613 2892; x_wconf 77' lang='lat' dir='ltr'><strong>Glareanus</strong></span> <span class='ocrx_word' id='word_1_172' title='bbox 630 2846 658 2888; x_wconf 88' lang='lat' dir='ltr'><strong>et</strong></span> <span class='ocrx_word' id='word_1_173' title='bbox 668 2839 694 2890; x_wconf 82' lang='lat' dir='ltr'><strong>J.</strong></span> <span class='ocrx_word' id='word_1_174' title='bbox 706 2838 737 2887; x_wconf 79' lang='lat' dir='ltr'><strong>F.</strong></span> <span class='ocrx_word' id='word_1_175' title='bbox 750 2837 865 2886; x_wconf 81' lang='lat' dir='ltr'><strong>Gronov.</strong></span> <span class='ocrx_word' id='word_1_176' title='bbox 875 2836 958 2898; x_wconf 75' lang='lat' dir='ltr'><strong>quibas</strong></span> <span class='ocrx_word' id='word_1_177' title='bbox 973 2837 1005 2891; x_wconf 80' lang='lat' dir='ltr'><strong>Q.</strong></span> <span class='ocrx_word' id='word_1_178' title='bbox 1019 2835 1134 2887; x_wconf 61' lang='lat' dir='ltr'><strong>&amp;scitha</strong></span> <span class='ocrx_word' id='word_1_179' title='bbox 1145 2839 1315 2918; x_wconf 54' lang='lat' dir='ltr'><strong>posueras...</strong></span> 
     </span>
    </p>
   </div>
   <div class='ocr_carea' id='block_1_5' title="bbox 719 2950 828 3001">
    <p class='ocr_par' dir='ltr' id='par_1_6' title="bbox 719 2950 828 3001">
     <span class='ocr_line' id='line_1_24' title="bbox 719 2950 828 3001; baseline -0.009 -1"><span class='ocrx_word' id='word_1_180' title='bbox 719 2950 828 3001; x_wconf 81' lang='lat' dir='ltr'>NOTAE</span> 
     </span>
    </p>
   </div>
   <div class='ocr_carea' id='block_1_6' title="bbox 207 3041 1317 3562">
    <p class='ocr_par' dir='ltr' id='par_1_7' title="bbox 207 3041 1317 3334">
     <span class='ocr_line' id='line_1_25' title="bbox 207 3041 1316 3125; baseline -0.017 -17"><span class='ocrx_word' id='word_1_181' title='bbox 207 3105 210 3116; x_wconf 82' lang='grc'><strong>,</strong></span> <span class='ocrx_word' id='word_1_182' title='bbox 227 3059 313 3125; x_wconf 83' lang='lat' dir='ltr'><strong>pulsus</strong></span> <span class='ocrx_word' id='word_1_183' title='bbox 325 3053 518 3116; x_wconf 63' lang='lat' dir='ltr'><strong>cantiloquus</strong></span> <span class='ocrx_word' id='word_1_184' title='bbox 534 3047 634 3114; x_wconf 76' lang='lat' dir='ltr'><strong>putarit</strong></span> <span class='ocrx_word' id='word_1_185' title='bbox 645 3045 694 3097; x_wconf 90' lang='lat' dir='ltr'><strong>sibi</strong></span> <span class='ocrx_word' id='word_1_186' title='bbox 705 3059 749 3095; x_wconf 82' lang='lat' dir='ltr'><strong>es·</strong></span> <span class='ocrx_word' id='word_1_187' title='bbox 791 3044 849 3094; x_wconf 89' lang='lat' dir='ltr'><strong>aliis</strong></span> <span class='ocrx_word' id='word_1_188' title='bbox 858 3045 945 3106; x_wconf 76' lang='lat' dir='ltr'><strong>Nepet,</strong></span> <span class='ocrx_word' id='word_1_189' title='bbox 955 3043 1055 3105; x_wconf 76' lang='lat' dir='ltr'><strong>Nepita,</strong></span> <span class='ocrx_word' id='word_1_190' title='bbox 1064 3043 1148 3104; x_wconf 74' lang='lat' dir='ltr'><strong>Nm:</strong></span> <span class='ocrx_word' id='word_1_191' title='bbox 1158 3041 1235 3091; x_wconf 82' lang='lat' dir='ltr'><strong>trudis</strong></span> <span class='ocrx_word' id='word_1_192' title='bbox 1243 3044 1316 3107; x_wconf 69' lang='lat' dir='ltr'><strong>Napi,</strong></span> 
     </span>
     <span class='ocr_line' id='line_1_26' title="bbox 226 3119 1316 3196; baseline -0.013 -14"><span class='ocrx_word' id='word_1_193' title='bbox 226 3133 380 3196; x_wconf 84' lang='lat' dir='ltr'><strong>pectandsrn</strong></span> <span class='ocrx_word' id='word_1_194' title='bbox 402 3129 533 3177; x_wconf 78' lang='lat' dir='ltr'><strong>victoriani</strong></span> <span class='ocrx_word' id='word_1_195' title='bbox 555 3139 588 3173; x_wconf 89' lang='lat' dir='ltr'><strong>ex</strong></span> <span class='ocrx_word' id='word_1_196' title='bbox 607 3125 686 3184; x_wconf 75' lang='lat' dir='ltr'><strong>longa</strong></span> <span class='ocrx_word' id='word_1_197' title='bbox 704 3136 750 3184; x_wconf 80' lang='lat' dir='ltr'><strong>op·</strong></span> <span class='ocrx_word' id='word_1_198' title='bbox 791 3121 818 3170; x_wconf 92' lang='lat' dir='ltr'><strong>iu</strong></span> <span class='ocrx_word' id='word_1_199' title='bbox 837 3119 997 3170; x_wconf 87' lang='lat' dir='ltr'><strong>Patrimonio</strong></span> <span class='ocrx_word' id='word_1_200' title='bbox 1012 3119 1039 3168; x_wconf 83' lang='lat' dir='ltr'><strong>S.</strong></span> <span class='ocrx_word' id='word_1_201' title='bbox 1056 3119 1140 3178; x_wconf 85' lang='lat' dir='ltr'><strong>Petri,</strong></span> <span class='ocrx_word' id='word_1_202' title='bbox 1150 3119 1219 3182; x_wconf 88' lang='lat' dir='ltr'><strong>qnod</strong></span> <span class='ocrx_word' id='word_1_203' title='bbox 1237 3121 1316 3168; x_wconf 84' lang='lat' dir='ltr'><strong>estin</strong></span> 
     </span>
     <span class='ocr_line' id='line_1_27' title="bbox 227 3190 1317 3271; baseline -0.015 -12"><span class='ocrx_word' id='word_1_204' title='bbox 227 3207 394 3271; x_wconf 75' lang='lat' dir='ltr'><strong>pugnatione,</strong></span> <span class='ocrx_word' id='word_1_205' title='bbox 414 3218 448 3252; x_wconf 79' lang='lat' dir='ltr'><strong>ea</strong></span> <span class='ocrx_word' id='word_1_206' title='bbox 473 3215 523 3266; x_wconf 87' lang='lat' dir='ltr'><strong>qua</strong></span> <span class='ocrx_word' id='word_1_207' title='bbox 548 3213 608 3264; x_wconf 81' lang='lat' dir='ltr'><strong>spes</strong></span> <span class='ocrx_word' id='word_1_208' title='bbox 635 3197 750 3245; x_wconf 80' lang='lat' dir='ltr'><strong>victoria</strong></span> <span class='ocrx_word' id='word_1_209' title='bbox 790 3196 893 3246; x_wconf 80' lang='lat' dir='ltr'><strong>Tuscia.</strong></span> <span class='ocrx_word' id='word_1_210' title='bbox 936 3195 1043 3244; x_wconf 80' lang='lat' dir='ltr'><strong>Frustra</strong></span> <span class='ocrx_word' id='word_1_211' title='bbox 1065 3193 1209 3244; x_wconf 78' lang='lat' dir='ltr'><strong>Glareanus</strong></span> <span class='ocrx_word' id='word_1_212' title='bbox 1226 3190 1317 3256; x_wconf 63' lang='lat' dir='ltr'><strong>nenne</strong></span> 
     </span>
     <span class='ocr_line' id='line_1_28' title="bbox 226 3266 1316 3334; baseline -0.015 -2"><span class='ocrx_word' id='word_1_213' title='bbox 226 3279 396 3332; x_wconf 76' lang='lat' dir='ltr'><strong>nimietarda.</strong></span> <span class='ocrx_word' id='word_1_214' title='bbox 503 3301 507 3307; x_wconf 81' lang='lat'><em>=</em></span> <span class='ocrx_word' id='word_1_215' title='bbox 534 3309 537 3316; x_wconf 78' lang='lat'><em>·</em></span> <span class='ocrx_word' id='word_1_216' title='bbox 789 3269 918 3334; x_wconf 80' lang='lat' dir='ltr'><strong>improbat</strong></span> <span class='ocrx_word' id='word_1_217' title='bbox 937 3269 964 3316; x_wconf 88' lang='lat' dir='ltr'><strong>in</strong></span> <span class='ocrx_word' id='word_1_218' title='bbox 982 3266 1117 3317; x_wconf 76' lang='lat' dir='ltr'><strong>auferendi</strong></span> <span class='ocrx_word' id='word_1_219' title='bbox 1135 3281 1213 3318; x_wconf 62' lang='lat' dir='ltr'><strong>wau:</strong></span> <span class='ocrx_word' id='word_1_220' title='bbox 1242 3269 1316 3331; x_wconf 88' lang='lat' dir='ltr'><strong>quasi</strong></span> 
     </span>
    </p>

    <p class='ocr_par' dir='ltr' id='par_1_8' title="bbox 259 3340 1317 3415">
     <span class='ocr_line' id='line_1_29' title="bbox 259 3340 1317 3415; baseline -0.013 -9"><span class='ocrx_word' id='word_1_221' title='bbox 259 3354 269 3389; x_wconf 84' lang='lat'><strong><em>¹</em></strong></span> <span class='ocrx_word' id='word_1_222' title='bbox 283 3353 426 3415; x_wconf 78' lang='lat' dir='ltr'><strong>Eumsaisse</strong></span> <span class='ocrx_word' id='word_1_223' title='bbox 441 3353 555 3415; x_wconf 73' lang='lat' dir='ltr'><strong>originem</strong></span> <span class='ocrx_word' id='word_1_224' title='bbox 569 3347 674 3413; x_wconf 69' lang='lat' dir='ltr'><strong>proximi</strong></span> <span class='ocrx_word' id='word_1_225' title='bbox 685 3345 751 3408; x_wconf 71' lang='lat' dir='ltr'><strong>teus]</strong></span> <span class='ocrx_word' id='word_1_226' title='bbox 791 3345 880 3407; x_wconf 68' lang='lat' dir='ltr'><strong>Nepoti</strong></span> <span class='ocrx_word' id='word_1_227' title='bbox 891 3343 977 3406; x_wconf 86' lang='lat' dir='ltr'><strong>potius</strong></span> <span class='ocrx_word' id='word_1_228' title='bbox 990 3340 1222 3390; x_wconf 79' lang='lat' dir='ltr'><strong>diceudmnr&#39;nerit.</strong></span> <span class='ocrx_word' id='word_1_229' title='bbox 1240 3343 1317 3406; x_wconf 74' lang='lat' dir='ltr'><strong>Ejus·</strong></span> 
     </span>
    </p>

    <p class='ocr_par' dir='ltr' id='par_1_9' title="bbox 225 3416 1317 3496">
     <span class='ocr_line' id='line_1_30' title="bbox 225 3416 1317 3496; baseline -0.012 -16"><span class='ocrx_word' id='word_1_230' title='bbox 225 3431 323 3496; x_wconf 81' lang='lat' dir='ltr'><strong>Suppts</strong></span> <span class='ocrx_word' id='word_1_231' title='bbox 331 3429 459 3491; x_wconf 74' lang='lat' dir='ltr'><strong>eogitutot.</strong></span> <span class='ocrx_word' id='word_1_232' title='bbox 467 3435 512 3476; x_wconf 88' lang='lat' dir='ltr'><strong>ant</strong></span> <span class='ocrx_word' id='word_1_233' title='bbox 523 3424 605 3473; x_wconf 86' lang='lat' dir='ltr'><strong>simile</strong></span> <span class='ocrx_word' id='word_1_234' title='bbox 616 3421 685 3486; x_wconf 85' lang='lat' dir='ltr'><strong>quid·</strong></span> <span class='ocrx_word' id='word_1_235' title='bbox 789 3419 859 3468; x_wconf 85' lang='lat' dir='ltr'><strong>modi</strong></span> <span class='ocrx_word' id='word_1_236' title='bbox 871 3416 938 3466; x_wconf 86' lang='lat' dir='ltr'><strong>enirn</strong></span> <span class='ocrx_word' id='word_1_237' title='bbox 949 3416 1053 3464; x_wconf 86' lang='lat' dir='ltr'><strong>nomina</strong></span> <span class='ocrx_word' id='word_1_238' title='bbox 1062 3416 1187 3474; x_wconf 86' lang='lat' dir='ltr'><strong>lucorum,</strong></span> <span class='ocrx_word' id='word_1_239' title='bbox 1198 3431 1256 3480; x_wconf 80' lang='lat' dir='ltr'><strong>quse</strong></span> <span class='ocrx_word' id='word_1_240' title='bbox 1267 3418 1292 3466; x_wconf 92' lang='lat' dir='ltr'><strong>ln</strong></span> <span class='ocrx_word' id='word_1_241' title='bbox 1304 3432 1317 3467; x_wconf 82' lang='lat' dir='ltr'><strong>e</strong></span> 
     </span>
    </p>

    <p class='ocr_par' dir='ltr' id='par_1_10' title="bbox 258 3491 1317 3562">
     <span class='ocr_line' id='line_1_31' title="bbox 258 3491 1317 3562; baseline -0.018 -6"><span class='ocrx_word' id='word_1_242' title='bbox 258 3513 272 3549; x_wconf 77' lang='lat' dir='ltr'><strong>t</strong></span> <span class='ocrx_word' id='word_1_243' title='bbox 287 3507 346 3556; x_wconf 69' lang='lat' dir='ltr'><strong>Turn</strong></span> <span class='ocrx_word' id='word_1_244' title='bbox 354 3505 434 3554; x_wconf 78' lang='lat' dir='ltr'><strong>solido</strong></span> <span class='ocrx_word' id='word_1_245' title='bbox 444 3499 512 3562; x_wconf 82' lang='lat' dir='ltr'><strong>aris]</strong></span> <span class='ocrx_word' id='word_1_246' title='bbox 528 3499 624 3548; x_wconf 86' lang='lat' dir='ltr'><strong>Mirum</strong></span> <span class='ocrx_word' id='word_1_247' title='bbox 631 3497 680 3546; x_wconf 88' lang='lat' dir='ltr'><strong>troc</strong></span> <span class='ocrx_word' id='word_1_248' title='bbox 687 3494 749 3544; x_wconf 79' lang='lat' dir='ltr'><strong>Gla·</strong></span> <span class='ocrx_word' id='word_1_249' title='bbox 789 3493 921 3555; x_wconf 86' lang='lat' dir='ltr'><strong>desinunt,</strong></span> <span class='ocrx_word' id='word_1_250' title='bbox 932 3491 1032 3540; x_wconf 87' lang='lat' dir='ltr'><strong>nonnisi</strong></span> <span class='ocrx_word' id='word_1_251' title='bbox 1042 3491 1069 3539; x_wconf 92' lang='lat' dir='ltr'><strong>in</strong></span> <span class='ocrx_word' id='word_1_252' title='bbox 1080 3491 1195 3554; x_wconf 75' lang='lat' dir='ltr'><strong>genitivo</strong></span> <span class='ocrx_word' id='word_1_253' title='bbox 1211 3499 1239 3540; x_wconf 86' lang='lat' dir='ltr'><strong>st</strong></span> <span class='ocrx_word' id='word_1_254' title='bbox 1249 3491 1317 3541; x_wconf 89' lang='lat' dir='ltr'><strong>dati·</strong></span> 
     </span>
    </p>
   </div>
   <div class='ocr_carea' id='block_1_7' title="bbox 227 3565 1397 3639">
    <p class='ocr_par' dir='ltr' id='par_1_11' title="bbox 227 3565 1397 3639">
     <span class='ocr_line' id='line_1_32' title="bbox 227 3565 1397 3639; baseline -0.015 -9"><span class='ocrx_word' id='word_1_255' title='bbox 227 3595 305 3631; x_wconf 86' lang='lat' dir='ltr'><strong>resno</strong></span> <span class='ocrx_word' id='word_1_256' title='bbox 323 3579 436 3639; x_wconf 80' lang='lat' dir='ltr'><strong>videtur,</strong></span> <span class='ocrx_word' id='word_1_257' title='bbox 454 3590 512 3626; x_wconf 85' lang='lat' dir='ltr'><strong>cum</strong></span> <span class='ocrx_word' id='word_1_258' title='bbox 526 3575 571 3624; x_wconf 86' lang='lat' dir='ltr'><strong>lib.</strong></span> <span class='ocrx_word' id='word_1_259' title='bbox 588 3585 621 3621; x_wconf 88' lang='lat' dir='ltr'><strong>rr.</strong></span> <span class='ocrx_word' id='word_1_260' title='bbox 636 3585 694 3633; x_wconf 77' lang='lat' dir='ltr'><strong>cop·</strong></span> <span class='ocrx_word' id='word_1_261' title='bbox 708 3574 749 3618; x_wconf 71' lang='lat' dir='ltr'><strong>tit.</strong></span> <span class='ocrx_word' id='word_1_262' title='bbox 791 3583 824 3618; x_wconf 85' lang='lat' dir='ltr'><strong>ro</strong></span> <span class='ocrx_word' id='word_1_263' title='bbox 845 3567 1029 3617; x_wconf 78' lang='lat' dir='ltr'><strong>declinantur:</strong></span> <span class='ocrx_word' id='word_1_264' title='bbox 1045 3566 1131 3630; x_wconf 81' lang='lat' dir='ltr'><strong>qualis</strong></span> <span class='ocrx_word' id='word_1_265' title='bbox 1148 3565 1317 3624; x_wconf 79' lang='lat' dir='ltr'><strong>‘Proeueste,&#39;</strong></span> <span class='ocrx_word' id='word_1_266' title='bbox 1394 3569 1397 3574; x_wconf 84' lang='lat'>&#39;</span> 
     </span>
    </p>
   </div>
   <div class='ocr_carea' id='block_1_8' title="bbox 163 3639 1316 4166">
    <p class='ocr_par' dir='ltr' id='par_1_12' title="bbox 163 3639 1316 4088">
     <span class='ocr_line' id='line_1_33' title="bbox 227 3639 1315 3716; baseline -0.02 -10"><span class='ocrx_word' id='word_1_267' title='bbox 227 3661 280 3706; x_wconf 84' lang='lat' dir='ltr'><strong>tam</strong></span> <span class='ocrx_word' id='word_1_268' title='bbox 301 3653 378 3704; x_wconf 80' lang='lat' dir='ltr'><strong>facile</strong></span> <span class='ocrx_word' id='word_1_269' title='bbox 400 3659 505 3716; x_wconf 84' lang='lat' dir='ltr'><strong>captum</strong></span> <span class='ocrx_word' id='word_1_270' title='bbox 532 3648 611 3698; x_wconf 84' lang='lat' dir='ltr'><strong>luerit</strong></span> <span class='ocrx_word' id='word_1_271' title='bbox 635 3645 751 3694; x_wconf 71' lang='lat' dir='ltr'><strong>Andarna.</strong></span> <span class='ocrx_word' id='word_1_272' title='bbox 789 3643 798 3670; x_wconf 83' lang='lat'><em>⁴</em></span> <span class='ocrx_word' id='word_1_273' title='bbox 806 3641 916 3693; x_wconf 71' lang='lat' dir='ltr'><strong>Ateste·</strong></span> <span class='ocrx_word' id='word_1_274' title='bbox 949 3641 992 3690; x_wconf 84' lang='lat' dir='ltr'><strong>lta</strong></span> <span class='ocrx_word' id='word_1_275' title='bbox 1008 3640 1047 3696; x_wconf 82' lang='lat' dir='ltr'><strong>st,</strong></span> <span class='ocrx_word' id='word_1_276' title='bbox 1063 3647 1091 3688; x_wconf 90' lang='lat' dir='ltr'><strong>ut</strong></span> <span class='ocrx_word' id='word_1_277' title='bbox 1105 3639 1315 3695; x_wconf 66' lang='lat' dir='ltr'><strong>nominandiac.</strong></span> 
     </span>
     <span class='ocr_line' id='line_1_34' title="bbox 225 3713 1314 3788; baseline -0.019 -6"><span class='ocrx_word' id='word_1_278' title='bbox 225 3731 309 3782; x_wconf 86' lang='lat' dir='ltr'><strong>Irnmo</strong></span> <span class='ocrx_word' id='word_1_279' title='bbox 335 3745 391 3780; x_wconf 83' lang='lat' dir='ltr'><strong>eam</strong></span> <span class='ocrx_word' id='word_1_280' title='bbox 419 3715 508 3776; x_wconf 82' lang='lat' dir='ltr'><strong>urbern</strong></span> <span class='ocrx_word' id='word_1_281' title='bbox 534 3721 751 3788; x_wconf 77' lang='lat' dir='ltr'><strong>opulentissimam</strong></span> <span class='ocrx_word' id='word_1_282' title='bbox 790 3717 904 3779; x_wconf 83' lang='lat' dir='ltr'><strong>cusandi,</strong></span> <span class='ocrx_word' id='word_1_283' title='bbox 920 3723 948 3764; x_wconf 86' lang='lat' dir='ltr'><strong>et</strong></span> <span class='ocrx_word' id='word_1_284' title='bbox 958 3713 1092 3764; x_wconf 79' lang='lat' dir='ltr'><strong>auferendi</strong></span> <span class='ocrx_word' id='word_1_285' title='bbox 1105 3727 1179 3762; x_wconf 82' lang='lat' dir='ltr'><strong>rasus</strong></span> <span class='ocrx_word' id='word_1_286' title='bbox 1188 3713 1251 3762; x_wconf 83' lang='lat' dir='ltr'><strong>nihil</strong></span> <span class='ocrx_word' id='word_1_287' title='bbox 1265 3713 1314 3763; x_wconf 88' lang='lat' dir='ltr'><strong>dit&#39;·</strong></span> 
     </span>
     <span class='ocr_line' id='line_1_35' title="bbox 226 3788 1315 3864; baseline -0.021 -6"><span class='ocrx_word' id='word_1_288' title='bbox 226 3807 361 3859; x_wconf 75' lang='lat' dir='ltr'><strong>Numicius</strong></span> <span class='ocrx_word' id='word_1_289' title='bbox 373 3803 751 3864; x_wconf 74' lang='lat' dir='ltr'><strong>‘cousulnppugnarenunau</strong></span> <span class='ocrx_word' id='word_1_290' title='bbox 790 3791 891 3852; x_wconf 80' lang='lat' dir='ltr'><strong>serant3</strong></span> <span class='ocrx_word' id='word_1_291' title='bbox 912 3789 981 3840; x_wconf 84' lang='lat' dir='ltr'><strong>unde</strong></span> <span class='ocrx_word' id='word_1_292' title='bbox 1000 3791 1072 3852; x_wconf 76' lang='lat' dir='ltr'><strong>Vlrg·</strong></span> <span class='ocrx_word' id='word_1_293' title='bbox 1096 3788 1215 3852; x_wconf 79' lang='lat' dir='ltr'><strong>‘Quique</strong></span> <span class='ocrx_word' id='word_1_294' title='bbox 1236 3789 1315 3837; x_wconf 85' lang='lat' dir='ltr'><strong>altum</strong></span> 
     </span>
     <span class='ocr_line' id='line_1_36' title="bbox 163 3862 1316 3942; baseline -0.019 -7"><span class='ocrx_word' id='word_1_295' title='bbox 163 3892 167 3901; x_wconf 93' lang='grc'><strong>“</strong></span> <span class='ocrx_word' id='word_1_296' title='bbox 225 3882 285 3934; x_wconf 88' lang='lat' dir='ltr'><strong>aus’</strong></span> <span class='ocrx_word' id='word_1_297' title='bbox 301 3881 397 3930; x_wconf 88' lang='lat' dir='ltr'><strong>dicitur</strong></span> <span class='ocrx_word' id='word_1_298' title='bbox 413 3879 524 3942; x_wconf 63' lang='lat' dir='ltr'><strong>canus.</strong></span> <span class='ocrx_word' id='word_1_299' title='bbox 547 3872 600 3923; x_wconf 82' lang='lat' dir='ltr'><strong>Sed</strong></span> <span class='ocrx_word' id='word_1_300' title='bbox 615 3869 752 3920; x_wconf 85' lang='lat' dir='ltr'><strong>deditionis</strong></span> <span class='ocrx_word' id='word_1_301' title='bbox 790 3866 925 3916; x_wconf 83' lang='lat' dir='ltr'><strong>Praeneste</strong></span> <span class='ocrx_word' id='word_1_302' title='bbox 950 3862 1017 3923; x_wconf 83' lang='lat' dir='ltr'><strong>viri,’</strong></span> <span class='ocrx_word' id='word_1_303' title='bbox 1041 3864 1067 3912; x_wconf 90' lang='lat' dir='ltr'><strong>iu</strong></span> <span class='ocrx_word' id='word_1_304' title='bbox 1095 3862 1260 3912; x_wconf 79' lang='lat' dir='ltr'><strong>accusativo:</strong></span> <span class='ocrx_word' id='word_1_305' title='bbox 1288 3869 1316 3914; x_wconf 86' lang='lat' dir='ltr'><strong>et</strong></span> 
     </span>
     <span class='ocr_line' id='line_1_37' title="bbox 226 3936 1316 4015; baseline -0.021 -6"><span class='ocrx_word' id='word_1_306' title='bbox 226 3971 306 4010; x_wconf 73' lang='lat' dir='ltr'><strong>uuas</strong></span> <span class='ocrx_word' id='word_1_307' title='bbox 317 3953 425 4005; x_wconf 77' lang='lat' dir='ltr'><strong>affertur</strong></span> <span class='ocrx_word' id='word_1_308' title='bbox 441 3967 499 4015; x_wconf 82' lang='lat' dir='ltr'><strong>cap.</strong></span> <span class='ocrx_word' id='word_1_309' title='bbox 515 3949 560 3998; x_wconf 86' lang='lat' dir='ltr'><strong>illo</strong></span> <span class='ocrx_word' id='word_1_310' title='bbox 571 3947 612 3996; x_wconf 66' lang='grc' dir='ltr'>ὅδ’.</span> <span class='ocrx_word' id='word_1_311' title='bbox 623 3945 691 4009; x_wconf 89' lang='lat' dir='ltr'><strong>quod</strong></span> <span class='ocrx_word' id='word_1_312' title='bbox 708 3943 751 3993; x_wconf 85' lang='lat' dir='ltr'><strong>eb·</strong></span> <span class='ocrx_word' id='word_1_313' title='bbox 790 3942 947 3990; x_wconf 72' lang='lat' dir='ltr'><strong>‘Praeneste</strong></span> <span class='ocrx_word' id='word_1_314' title='bbox 971 3937 1018 3987; x_wconf 80' lang='lat' dir='ltr'><strong>aab</strong></span> <span class='ocrx_word' id='word_1_315' title='bbox 1043 3937 1117 4000; x_wconf 86' lang='lat' dir='ltr'><strong>ipsa,&#39;</strong></span> <span class='ocrx_word' id='word_1_316' title='bbox 1140 3936 1168 3984; x_wconf 93' lang='lat' dir='ltr'><strong>in</strong></span> <span class='ocrx_word' id='word_1_317' title='bbox 1194 3937 1316 3987; x_wconf 78' lang='lat' dir='ltr'><strong>ablativo.</strong></span> 
     </span>
     <span class='ocr_line' id='line_1_38' title="bbox 225 4013 1155 4088; baseline -0.026 -6"><span class='ocrx_word' id='word_1_318' title='bbox 225 4031 311 4087; x_wconf 76' lang='lat' dir='ltr'><strong>sessis¹</strong></span> <span class='ocrx_word' id='word_1_319' title='bbox 326 4031 377 4079; x_wconf 85' lang='lat' dir='ltr'><strong>‘ab</strong></span> <span class='ocrx_word' id='word_1_320' title='bbox 388 4025 487 4076; x_wconf 79' lang='lat' dir='ltr'><strong>infelici</strong></span> <span class='ocrx_word' id='word_1_321' title='bbox 505 4019 751 4088; x_wconf 62' lang='lat' dir='ltr'><strong>pugnarentque</strong></span> <span class='ocrx_word' id='word_1_322' title='bbox 791 4015 868 4068; x_wconf 78' lang='lat' dir='ltr'><strong>Quod</strong></span> <span class='ocrx_word' id='word_1_323' title='bbox 878 4024 906 4065; x_wconf 87' lang='lat' dir='ltr'><strong>et</strong></span> <span class='ocrx_word' id='word_1_324' title='bbox 916 4013 1063 4063; x_wconf 80' lang='lat' dir='ltr'><strong>Priscianus</strong></span> <span class='ocrx_word' id='word_1_325' title='bbox 1073 4019 1155 4062; x_wconf 87' lang='lat' dir='ltr'><strong>notat.</strong></span> 
     </span>
    </p>

    <p class='ocr_par' dir='ltr' id='par_1_13' title="bbox 227 4084 1316 4166">
     <span class='ocr_line' id='line_1_39' title="bbox 227 4084 1316 4166; baseline -0.018 -10"><span class='ocrx_word' id='word_1_326' title='bbox 227 4107 336 4166; x_wconf 84' lang='lat' dir='ltr'><strong>amissis,</strong></span> <span class='ocrx_word' id='word_1_327' title='bbox 346 4103 497 4154; x_wconf 83' lang='lat' dir='ltr'><strong>ceciderant</strong></span> <span class='ocrx_word' id='word_1_328' title='bbox 507 4095 601 4148; x_wconf 72' lang='lat' dir='ltr'><strong>animi!</strong></span> <span class='ocrx_word' id='word_1_329' title='bbox 821 4090 829 4125; x_wconf 78' lang='lat'><strong>¹</strong></span> <span class='ocrx_word' id='word_1_330' title='bbox 846 4084 1089 4153; x_wconf 60' lang='lat' dir='ltr'><strong>emanationis]</strong></span> <span class='ocrx_word' id='word_1_331' title='bbox 1105 4086 1198 4136; x_wconf 86' lang='lat' dir='ltr'><strong>Nonne</strong></span> <span class='ocrx_word' id='word_1_332' title='bbox 1216 4086 1316 4137; x_wconf 76' lang='lat' dir='ltr'><strong>Sutrini</strong></span> 
     </span>
    </p>
   </div>
   <div class='ocr_carea' id='block_1_9' title="bbox 225 4161 1317 4317">
    <p class='ocr_par' dir='ltr' id='par_1_14' title="bbox 225 4161 1317 4317">
     <span class='ocr_line' id='line_1_40' title="bbox 258 4161 1317 4242; baseline -0.024 -11"><span class='ocrx_word' id='word_1_333' title='bbox 258 4179 271 4214; x_wconf 56' lang='grc' dir='ltr'>ἱ</span> <span class='ocrx_word' id='word_1_334' title='bbox 287 4181 325 4231; x_wconf 77' lang='lat' dir='ltr'><strong>st</strong></span> <span class='ocrx_word' id='word_1_335' title='bbox 342 4166 449 4242; x_wconf 78' lang='lat' dir='ltr'><strong>Nepete]</strong></span> <span class='ocrx_word' id='word_1_336' title='bbox 463 4176 495 4226; x_wconf 89' lang='lat' dir='ltr'><strong>lu</strong></span> <span class='ocrx_word' id='word_1_337' title='bbox 507 4174 644 4224; x_wconf 75' lang='lat' dir='ltr'><strong>Veientani</strong></span> <span class='ocrx_word' id='word_1_338' title='bbox 661 4175 689 4219; x_wconf 90' lang='lat' dir='ltr'><strong>et</strong></span> <span class='ocrx_word' id='word_1_339' title='bbox 703 4169 751 4218; x_wconf 82' lang='lat' dir='ltr'><strong>Fa·</strong></span> <span class='ocrx_word' id='word_1_340' title='bbox 789 4173 818 4216; x_wconf 87' lang='lat' dir='ltr'><strong>et</strong></span> <span class='ocrx_word' id='word_1_341' title='bbox 829 4163 955 4228; x_wconf 80' lang='lat' dir='ltr'><strong>Nepesini</strong></span> <span class='ocrx_word' id='word_1_342' title='bbox 972 4162 1000 4210; x_wconf 89' lang='lat' dir='ltr'><strong>iu</strong></span> <span class='ocrx_word' id='word_1_343' title='bbox 1017 4161 1131 4218; x_wconf 83' lang='lat' dir='ltr'><strong>Etruria,</strong></span> <span class='ocrx_word' id='word_1_344' title='bbox 1145 4168 1225 4224; x_wconf 87' lang='lat' dir='ltr'><strong>atque</strong></span> <span class='ocrx_word' id='word_1_345' title='bbox 1242 4175 1257 4210; x_wconf 85' lang='lat' dir='ltr'><strong>e</strong></span> <span class='ocrx_word' id='word_1_346' title='bbox 1272 4175 1317 4224; x_wconf 68' lang='lat' dir='ltr'><strong>gs·</strong></span> 
     </span>
     <span class='ocr_line' id='line_1_41' title="bbox 225 4235 1315 4317; baseline -0.017 -12"><span class='ocrx_word' id='word_1_347' title='bbox 225 4255 346 4306; x_wconf 71' lang='lat' dir='ltr'><strong>lineorum</strong></span> <span class='ocrx_word' id='word_1_348' title='bbox 365 4252 477 4304; x_wconf 74' lang='lat' dir='ltr'><strong>confinio</strong></span> <span class='ocrx_word' id='word_1_349' title='bbox 494 4248 544 4300; x_wconf 83' lang='lat' dir='ltr'><strong>fuit</strong></span> <span class='ocrx_word' id='word_1_350' title='bbox 564 4247 624 4298; x_wconf 79' lang='lat' dir='ltr'><strong>urin</strong></span> <span class='ocrx_word' id='word_1_351' title='bbox 637 4245 752 4309; x_wconf 83' lang='lat' dir='ltr'><strong>Nepete,</strong></span> <span class='ocrx_word' id='word_1_352' title='bbox 790 4236 1112 4290; x_wconf 82' lang='lat' dir='ltr'><strong>nerssuutEtruscorum?</strong></span> <span class='ocrx_word' id='word_1_353' title='bbox 1128 4235 1315 4317; x_wconf 56' lang='lat' dir='ltr'><strong>§eduensem</strong></span> 
     </span>
    </p>
   </div>
   <div class='ocr_carea' id='block_1_10' title="bbox 0 0 1582 4942">
    <p class='ocr_par' dir='ltr' id='par_1_15' title="bbox 0 0 1582 4942">
     <span class='ocr_line' id='line_1_42' title="bbox 0 0 1582 4942; baseline 0 0"><span class='ocrx_word' id='word_1_354' title='bbox 0 0 1582 4942; x_wconf 95' lang='lat' dir='ltr'><strong> </strong></span> 
     </span>
    </p>
   </div>
  </div>
 </body>
</html>
