3150 4942
571 455 644 500 mn.
667 453 735 500 vrr.
757 455 841 503 oar.
861 441 894 504 o.
1188 441 1277 506 loss

177 609 304 668 corum,
321 597 355 656 et
371 592 478 656 saucii
499 592 605 657 relicti
621 595 758 676 qnidam
773 595 900 660 inventi
907 616 919 676 3
945 614 1131 681 agmenque
1143 596 1273 680 fugien·

177 693 261 756 tium
273 693 316 757 ab
328 694 456 776 signis,⁷
472 711 547 756 cum
560 701 684 774 prater
698 697 822 760 moenia
833 715 945 760 eorum
960 697 1182 780 infrequentia
1195 717 1277 764 oon·

178 799 297 875 specta
311 793 426 876 sigua⁸
448 797 573 870 essent,
586 792 710 871 insum,
726 815 767 861 ac
782 815 844 880 per
858 816 956 878 agros
971 798 1107 881 trepida
1120 799 1202 881 fuga
1215 819 1275 883 pa·

177 893 284 957 latum
298 903 372 958 est·
413 893 489 958 Nec
504 891 668 958 Romanis
682 897 855 961 incruenta
871 899 1016 963 victoria
1026 899 1102 965 snit.
1139 899 1274 977 Quarta

177 1013 255 1077 pars
276 994 573 1085 militum-amissa,
589 1001 633 1070 et,
648 996 707 1059 nbi
721 995 811 1060 baud
825 997 934 1062 minue
942 999 1091 1081 Jacturae
1106 999 1193 1077 tuit:
1214 981 1276 1065 ali-

178 1103 260 1178 quot
273 1097 405 1180 equites
420 1095 568 1160 Romani
584 1096 746 1161 cecidere.

220 1198 254 1262 9.
279 1197 470 1281 Insequenti
486 1190 700 1272 anno,'*cnm
728 1197 766 1259 C.
785 1194 986 1277 Sulpicius⁹
1011 1201 1047 1259 et
1068 1201 1107 1261 C.
1125 1204 1276 1268 Licinius

179 1297 304 1364 Calvus
323 1298 480 1363 consules
500 1299 534 1359 in
558 1297 730 1361 Hernicos
750 1297 935 1360 exercitum
954 1296 1146 1376 duxissent,
1168 1321 1278 1386 neque

178 1401 318 1464 inventis
341 1401 376 1462 in
402 1417 481 1480 agro
504 1397 674 1474 hostibus,
698 1396 938 1460 Ferentinumq
964 1399 1082 1462 urbem
1103 1420 1218 1466 eorum
1242 1405 1278 1467 vi

179 1502 361 1584 cepissent,
376 1499 617 1564 revertentibus
629 1497 706 1561 inde
718 1497 970 1561 eis'l'ibnrtes'0
983 1486 1102 1581 portas
1111 1503 1277 1568 clausere.

179 1601 232 1664 Ea
252 1602 368 1665 ultima
386 1600 450 1663 suit
469 1617 586 1676 causa,
608 1618 685 1661 cum
699 1598 816 1662 multae
839 1604 938 1662 antea
951 1601 1171 1682 querimoniae
1187 1605 1276 1669 ultro

180 1703 330 1784 citroque
342 1700 481 1784 jactatae
503 1704 626 1776 esseut,
652 1717 722 1776 cur,
746 1718 808 1782 per
830 1699 965 1764 latiales
985 1702 1088 1788 ¹rebus
1109 1708 1276 1787 repetitis,

178 1802 301 1866 bellum
327 1801 461 1866 Tiburti
484 1800 612 1883 populo
634 1799 843 1864 indiceretur.
888 1801 1095 1869 Dictatorem
1114 1805 1156 1869 Τ.
1173 1805 1277 1884 Quin-

179 1903 259 1966 tium
283 1902 435 1967 Pcunum
460 1920 501 1965 eo
516 1919 602 1964 anno
625 1900 738 1976 inisse,
766 1901 850 1966 satis
864 1909 1010 1981 constat,
1034 1911 1068 1969 et
1085 1909 1283 1988 magistrum¹

180 2005 329 2086 equitum
351 2003 420 2067 Ser.
444 2002 636 2066 Cornelium
659 2002 939 2084 Maluginensem.
971 2005 1102 2084 ,Macer
1126 2008 1279 2071 Licinius

180 2103 390 2167 comitiorum
403 2101 631 2167 habendorum
648 2093 762 2178 causa,
778 2107 814 2165 et
836 2104 881 2166 ab
897 2103 1033 2168 Licinio
1055 2108 1194 2169 consule
1210 2107 1278 2170 dic-

179 2208 249 2267 tum
265 2203 391 2282 scribit,
407 2204 499 2287 quie,
515 2201 645 2283 collega
660 2201 800 2265 comitia
813 2202 904 2266 bello
918 2204 1072 2284 praeferre
1085 2203 1280 2283 festinante,

181 2311 218 2367 ut
232 2303 442 2369 continuaret
457 2303 683 2381 consulatum,
698 2303 834 2367 obviam
849 2303 997 2367 eundum
1016 2324 1132 2387 pravae
1147 2306 1278 2388 cupidi-

181 2407 241 2470 tati
266 2406 376 2472 suerit.
421 2405 579 2484 Quaesita
604 2424 646 2470 ea
675 2406 823 2488 propriae
853 2405 992 2469 familiae
1020 2406 1095 2469 laus
1121 2409 1280 2471 leviorem

181 2511 351 2570 auctorem
367 2505 533 2569 Licinium
548 2506 641 2570 lacit.
688 2506 775 2570 Cum
798 2507 999 2570 mentionem
1015 2508 1090 2591 ejus
1104 2511 1153 2573 rei
1167 2508 1201 2572 in
1222 2527 1278 2573 vc-

149 2589 154 2598 ’
181 2605 378 2670 laetioribus
403 2605 582 2670 annalibus
614 2607 739 2671 nullam
765 2607 943 2683 inveniam,
976 2609 1095 2691 magis,
1129 2618 1168 2674 ut
1197 2610 1280 2674 belii

179 2705 307 2790 Gallici
318 2724 423 2769 causa
433 2705 632 2771 dictatorem
647 2713 798 2770 creatum
811 2705 958 2783 arbitrer,
977 2709 1119 2773 inclinat
1134 2711 1278 2773 animus.

183 2805 236 2869 Eo
262 2811 349 2871 certe
370 2825 457 2870 anno
478 2805 570 2871 Galli
593 2805 639 2871 ad
663 2807 797 2871 tertium
818 2806 986 2888 lapidem'
1005 2809 1141 2873 Salaria
1151 2817 1175 2847 ¹¹
1199 2811 1278 2875 via¹

216 2979 226 3004 ’
241 2973 276 3020 Et
286 2983 340 3020 cam
351 2971 421 3032 dm
430 2969 591 3020 Hernicorum
607 2985 681 3034 prope
692 2983 769 3020 mmor
779 2969 861 3033 oppidi
869 2969 922 3020 viro
932 2979 1010 3021 areat
1027 2975 1121 3021 decerta
1129 2973 1186 3031 fere
1196 2989 1213 3021 o
1222 2976 1282 3030 rate,

180 3049 265 3113 αξωρι
276 3049 363 3098 arura,
375 3035 414 3099 qai
422 3051 436 3084 a
444 3036 539 3085 cecidit
547 3034 838 3098 antemuralem
848 3040 894 3098 ert,
904 3051 933 3085 oc
941 3051 986 3098 per
995 3051 1090 3100 campos
1099 3037 1188 3087 memo
1199 3051 1279 3086 mm

181 3101 336 3217 wrm&
346 3177 371 3212 re
381 3177 427 3212 aon
438 3163 489 3222 fait
500 3161 578 3212 miuus
587 3163 706 3212 damam.

635 3302 816 3326 ΝΙΜΙΙΙΙΝ

186 3403 524 3468 Doujat.Crevier.-¹71n
544 3403 659 3453 Crevier.
681 3403 788 3452 minet
809 3403 943 3467 Kreyssig.
964 3403 1060 3468 iegitur
1080 3402 1110 3452 ob
1126 3400 1281 3464 mnae.-

186 3473 202 3516 8
219 3469 297 3528 Signa
307 3475 428 3531 conspecto
439 3469 554 3518 Gronov.
564 3469 673 3532 Doujat.
683 3468 801 3518 Crevier.

219 3535 236 3578 o
253 3533 331 3593 Vulg.
347 3547 400 3579 cum
418 3531 655 3594 l..Sa1ptctcr.-ro
671 3531 816 3596 ’Μανία
854 3531 927 3580 Tibur
943 3536 971 3579 et
987 3529 1097 3580 liberter
1112 3529 1278 3580 scribendum

185 3593 263 3646 litera
279 3597 299 3658 i,
315 3609 348 3644 ex
369 3597 500 3646 veteribus
516 3596 597 3658 libris,
615 3603 643 3646 et
659 3596 788 3660 lapidibus
803 3595 967 3660 Capitolinis,
983 3600 1011 3645 ot
1022 3595 1174 3647 Grecornm
1190 3609 1280 3643 mono·

680 3725 790 3776 Now

219 3823 236 3853 ⁶
251 3822 286 3873 Α.
297 3821 330 3872 U.
344 3823 373 3873 C.
386 3827 442 3872 892.
755 3822 940 3878 Ferentinum
955 3835 1015 3870 uam
1033 3816 1167 3870 Ferentini
1187 3822 1248 3865 runt
1267 3830 1283 3864 ι

217 3907 230 3942 t
246 3898 412 3962 Ferentinum]
429 3897 581 3948 Volscorum
591 3895 715 3961 oppidum
754 3898 868 3946 Forento
878 3898 990 3946 Tuscia.

184 3975 261 4026 initio
276 3972 337 4034 fuit,
353 3973 411 4022 blnc
429 3979 535 4035 captum
552 3986 567 4021 a
584 3971 715 4036 Romanis,
787 3973 883 4022 'Gutta'
901 3975 933 4021 ud
951 3971 1049 4020 sertim
1064 3968 1176 4031 lapidem]
1203 3966 1282 4017 Hunc

187 4047 361 4112 Hernicisque
372 4048 512 4097 donatum:
531 4046 714 4111 aliquamdiua
754 4049 860 4097 tertium
878 4047 1012 4095 Gallorum
1030 4051 1129 4095 motum
1146 4043 1281 4109 Appianas

186 4124 344 4174 Samnitibus
363 4129 456 4186 postea
474 4122 544 4173 balio
561 4135 714 4186 possessum.
753 4122 779 4170 iu
792 4120 1024 4170 Celtioonominat.

187 4199 277 4249 Hodie
286 4199 425 4262 Ferentino,
436 4199 479 4248 vel
489 4207 613 4263 corrupte
631 4199 714 4248 Firce·
786 4195 908 4246 ’Μανία
926 4194 978 4258 ria]
1004 4195 1113 4245 Debeo
1133 4195 1181 4255 ria,
1197 4207 1212 4241 a
1231 4206 1282 4256 qua

187 4273 248 4331 tino,
267 4273 293 4322 in
305 4273 447 4338 &muenia
458 4273 585 4327 Romanu.
617 4273 714 4326 Incotae
755 4273 838 4324 Porta
857 4271 959 4324 Collina
975 4271 1077 4322 Subdu
1096 4271 1178 4320 adbuc
1189 4281 1284 4318 nomen

251 4352 525 4420 caesaraea.
694 4351 787 4404 arem.
1159 4349 1217 4399 ra
