3150 4942
594 408 667 455 mn.
693 408 729 455 x.
753 408 835 455 car.
858 394 911 458 31.
1212 397 1300 463 1357

204 570 313 615 cesse.
369 549 566 613 Samnitium
595 548 756 629 legiones,
786 568 864 613 cnm
894 550 1013 632 purtim
1042 549 1111 633 Ap.
1135 550 1297 616 Claudius

202 656 335 735 praetor,
349 650 471 732 partim
494 649 533 713 J..
550 648 746 715 Volumnius
769 670 831 733 pro
854 651 994 715 consule
1013 660 1238 733 sequeretur,¹⁵
1261 654 1297 716 in

203 771 315 833 agrum
328 752 762 817 Stellatem⁶convenerunt
793 752 848 818 lbi
859 759 892 817 et
902 753 1103 817 Samnitium
1113 753 1262 833 legiones
1271 754 1298 793 ¹⁶

201 866 314 919 omnes
328 850 530 931 considunt,d
545 860 577 915 et
594 850 727 936 Appius
744 852 1013 937 Volumniusque
1027 861 1141 919 castra
1155 853 1297 936 conjun-

200 960 290 1035 gunt.
335 954 520 1039 Pugnatum
544 954 768 1019 infestissimis
793 955 924 1031 animis,
938 956 1015 1019 hinc
1035 956 1086 1019 ira
1104 955 1295 1019 stimulante

200 1056 362 1121 aduersus
385 1056 583 1121 rebellantes
604 1056 714 1136 toties,
729 1056 822 1121 illinc
845 1058 888 1121 ab
907 1056 1026 1121 ultima
1039 1056 1113 1139 jam
1134 1056 1295 1119 dimican·
1369 1091 1373 1096 -

197 1158 287 1221 tibus
300 1165 387 1240 'spa‘
423 1157 525 1223 Caesa
538 1178 614 1241 ergo
631 1159 830 1223 Samnitium
843 1158 1018 1223 sexdecim
1034 1157 1139 1221 millia
1151 1158 1296 1235 trecenti,

198 1266 302 1341 capta
324 1260 391 1325 duo
411 1260 516 1323 millia
536 1262 749 1343 septingenti.
794 1261 849 1323 Ex
867 1259 1023 1324 Romano
1039 1259 1191 1323 exercitu
1207 1260 1295 1323 ceci·

133 1441 137 1447 ,
198 1360 275 1425 dere
299 1362 368 1425 duo
393 1362 500 1425 millia
521 1363 734 1444 septingenti.
779 1362 880 1427 Felix
900 1380 1007 1425 annus
1025 1359 1159 1425 bellicis
1180 1361 1294 1438 rebus,

196 1462 384 1543 pestilentia
398 1462 520 1545 gravis,
536 1462 763 1546 prodigiisque
778 1458 956 1527 solicitus.f
996 1460 1099 1537 Nam,
1115 1466 1150 1523 et
1172 1469 1293 1525 terram

197 1564 408 1630 multifariam
424 1565 566 1648 pluisse,
580 1573 616 1629 et
630 1566 665 1629 in
679 1566 831 1631 exercitu
846 1564 915 1648 Ap.
930 1563 1066 1629 Claudii
1080 1564 1258 1647 plerosque
1267 1569 1293 1610 ¹⁷

195 1662 386 1729 fulminibus
401 1666 497 1741 ictos,
512 1668 700 1731 nuntiatum
713 1677 782 1732 est:
806 1666 949 1749 librique
960 1666 1005 1730 ob
1018 1666 1090 1730 haec
1105 1664 1200 1728 aditi.
1238 1662 1291 1726 Eo

194 1782 281 1829 anno
303 1764 347 1843 Q.
368 1765 493 1831 Fabius
514 1765 658 1849 Gurges,
678 1768 825 1832 consulis
847 1767 947 1846 lilius,
969 1768 1100 1851 aliquot
1120 1774 1291 1831 matronas

195 1866 238 1927 ad
259 1868 421 1949 populum
436 1870 544 1950 stupri
560 1869 733 1933 damnatas
751 1869 895 1952 pecunia
909 1868 1111 1935 mulctavit.⁸
1154 1866 1209 1931 Ex
1224 1884 1290 1948 quo

195 1966 398 2030 mulctaticio
420 1988 486 2033 aere
500 1967 645 2033 Veneris
668 1969 785 2046 eedem,
801 1989 879 2053 quae
895 1988 1000 2053 prope
1015 1968 1151 2033 Circum
1165 1973 1229 2042 est,
1242 1964 1291 2029 sa·

195 2065 345 2130 ciendam
362 2068 501 2132 curavit.
545 2068 733 2151 Supersunt
747 2070 849 2134 etiam
863 2089 952 2133 nunc
967 2068 1166 2133 Samnitium
1189 2064 1290 2142 bello,

195 2186 271 2247 quoe
287 2168 447 2233 continua
459 2188 521 2253 per
535 2178 690 2253 quartum
700 2169 774 2253 jam
790 2172 944 2237 volumen
959 2188 1146 2253 annumque
1157 2173 1289 2231 sextum

648 2346 828 2372 ”MNO

192 2458 253 2509 dnm
263 2458 371 2523 putabat
383 2462 506 2513 Gronov!
517 2465 682 2529 liuperto-tlt
700 2468 775 2517 Vett.
787 2465 849 2516 edd.
860 2465 983 2527 proconsul
992 2460 1201 2525 sequentum-ld
1212 2456 1287 2505 ‘Vox

192 2524 295 2585 legione,
311 2526 387 2576 abest
399 2526 425 2575 in
443 2530 594 2593 quibusdam
606 2532 669 2581 Mss.
681 2532 750 2594 epud
761 2532 787 2583 J.
801 2532 827 2579 F.
837 2530 995 2580 Gronoviurn
1007 2544 1014 2586 ;
1032 2534 1068 2588 et,
1080 2539 1138 2573 curn
1146 2520 1218 2597 apud
1225 2536 1287 2569 eun-

192 2588 250 2637 dern
269 2604 329 2651 pars
346 2592 427 2653 major
444 2593 502 2643 libr.
530 2596 620 2658 script.
638 2596 771 2655 exhibeat,
796 2596 830 2643 ibi
846 2596 878 2643 ud
896 2593 1041 2642 Samnitium
1060 2603 1138 2637 omues
1154 2586 1286 2638 macedum,

191 2661 268 2702 acute
283 2654 417 2718 Doujatius
427 2658 453 2705 in
465 2672 528 2708 voce
541 2658 685 2709 Samnitium
696 2674 788 2709 nomen
802 2660 853 2708 loci
865 2656 972 2719 alicujus
982 2658 1064 2703 latere
1073 2653 1215 2715 suspicatus
1227 2646 1286 2697 est!

192 2718 308 2781 ”Will-
342 2718 437 2769 Omisit
448 2722 619 2787 Kreyssigius.
646 2723 706 2773 vid.
717 2722 762 2774 inf.
774 2732 802 2773 et
815 2723 878 2773 Not.
888 2721 1017 2769 Van-tt
1031 2719 1088 2767 Vox
1097 2718 1219 2780 pleresque
1229 2728 1285 2763 sus·

683 2885 791 2935 NO'l'lE

221 2983 232 3009 ⁸
248 2976 343 3038 Agrum
354 2977 489 3039 Stellatem]
508 2980 547 3029 De
559 2980 603 3029 illo
614 2987 698 3029 entes.
754 2980 832 3031 bstur
846 2994 862 3027 s
879 2976 996 3035 Sumni03
1015 2982 1042 3023 et
1054 2974 1081 3021 in
1092 2986 1124 3020 eo
1143 2976 1283 3029 metantes,

220 3050 289 3100 dlbi
309 3058 332 3101 et
353 3054 498 3103 Samnitium
517 3056 621 3116 legiones
639 3070 717 3105 omnm
753 3055 785 3105 ud
798 3052 968 3103 Samniitiues
987 3056 1073 3099 castra
1091 3048 1210 3097 babuisse
1229 3046 1298 3119 dici.

186 3126 321 3189 comittunt]
339 3128 461 3192 Plerique
482 3128 574 3193 scripti
594 3132 715 3194 ignorant
751 3140 870 3196 possunt.

187 3202 408 3265 vocemmeam,
426 3205 500 3267 cujus
520 3204 662 3267 eproxiuro
674 3220 714 3254 rs·
783 3206 850 3257 ‘Ab
871 3205 957 3254 ultima
970 3204 1024 3263 jum
1043 3198 1209 3250 &maumites
1226 3198 1282 3260 spe]

187 3277 282 3341 petitio
301 3278 385 3327 minus
405 3279 525 3341 elegenss
542 3294 636 3343 magna
656 3294 714 3343 pers
752 3282 944 3345 Proepositicu,
957 3279 998 3327 uel
1009 3278 1048 3340 ub,
1065 3274 1279 3338 aliquuudocau·

187 3352 266 3402 babet
286 3353 321 3401 tm·
336 3358 360 3402 et
378 3353 523 3404 Samnitium
540 3369 618 3405 eomes
637 3356 714 3405 cossi-
752 3372 808 3407 ssm
827 3356 945 3414 denotet,
956 3366 1007 3417 qus
1024 3352 1081 3415 quis
1101 3351 1133 3399 sd
1152 3349 1281 3411 agendum

185 3431 252 3478 duat.
285 3431 345 3481 era
365 3428 447 3480 forma
466 3431 510 3482 lib.
522 3444 602 3481 xxxt.
618 3430 715 3481 ‘Alte
753 3433 886 3495 quippiam
903 3429 1055 3492 impellitur,
1065 3433 1095 3475 ut
1106 3426 1149 3475 bic
1167 3434 1195 3474 et
1211 3426 1281 3488 apud

186 3506 235 3565 tus,
247 3520 280 3554 ne
296 3505 427 3554 desertum
439 3505 546 3555 haberet
557 3508 676 3567 insulam,
686 3516 714 3557 et
753 3510 824 3559 Tull.
844 3510 890 3560 llb.
903 3520 944 3558 rx.
961 3506 993 3555 sd
1012 3505 1070 3555 dtr.
1089 3506 1138 3567 Ep.
1152 3508 1178 3553 9.
1194 3504 1279 3553 ‘Illud

186 3580 360 3630 Mseedcnnm
372 3580 427 3631 iere
439 3583 566 3640 omnibns,
577 3585 713 3648 etquibus·
754 3593 826 3635 certe
842 3586 906 3648 seio,
922 3597 973 3643 me,
990 3580 1025 3631 ab
1041 3579 1166 3643 singulari
1182 3592 1280 3640 amore,

186 3656 244 3704 darn
264 3654 429 3719 Andriorum,
448 3668 476 3707 ut
495 3666 640 3723 manerent,
655 3674 713 3722 per·
753 3674 921 3727 quecumque
932 3658 1026 3711 scribo.
1037 3657 1085 3706 tibi
1096 3654 1230 3705 scribere?

185 3732 286 3781 suasit?
319 3732 385 3782 Haee
403 3734 480 3783 lectio
500 3734 626 3797 probatur
644 3737 712 3787 Gro·
785 3732 1100 3801 tl’rurligiiaquesolicitas]
1112 3730 1231 3779 ‘Annum
1242 3744 1282 3779 ro·

184 3808 269 3858 novio.
304 3808 646 3875 Neesbsurdafcrteqosm
659 3812 709 3861 Ro·
750 3815 923 3877 ttettnrn’per
934 3812 1090 3876 hypallagen
1100 3806 1175 3867 dicit,
1185 3820 1233 3868 pro
1244 3806 1284 3855 ci·

184 3900 234 3935 mse
246 3884 365 3935 Andreas
382 3885 473 3935 dedit:
490 3886 525 3935 tm·
541 3890 573 3937 ud
589 3888 711 3939 Somnium
751 3894 843 3953 strate,
863 3904 910 3938 seu
930 3889 1017 3951 potius
1039 3882 1141 3931 civibus
1160 3894 1192 3929 ec
1210 3894 1279 3929 sono

182 3980 260 4015 omres
274 3966 407 4015 eomidurrt·
432 3966 516 4030 ¹Licet
533 3968 601 4016 enim
621 3970 713 4017 Stella·
752 3968 836 4017 anxiis
847 3965 880 4014 ob
891 3960 1037 4025 frequentia
1048 3962 1180 4020 portenta.

183 4046 236 4090 tem
249 4042 494 4106 ugrum,dsqucbic
505 4042 713 4105 egitur‚constet
784 4052 797 4086 ⁸
813 4040 973 4104 Adpopslm
981 4034 1061 4097 “ltilii
1070 4034 1194 4081 dmm
1208 4047 1279 4095 lm·

183 4116 209 4163 in
222 4116 364 4179 Campania
375 4115 465 4181 fnisse,
482 4118 604 4168 Callicula
623 4126 711 4168 monte
752 4114 937 4177 sismuletuuit]
955 4112 1133 4163 Accussnret
1153 4108 1278 4158 adulterit

183 4190 321 4239 diremtum
333 4208 348 4239 a
357 4194 486 4256 Falerno;
503 4196 524 4243 is
543 4200 628 4244 tamen
646 4208 710 4243 nou·
750 4194 820 4259 apud
832 4191 965 4256 populum,
973 4196 1052 4251 etque
1064 4185 1098 4233 ab
1108 4199 1140 4233 eo
1151 4183 1277 4248 damnari,

182 4266 232 4317 uisi
250 4266 441 4318 intercurrente
460 4270 589 4319 Vulturno
607 4269 708 4319 divide·
749 4270 909 4335 pscnuieque
920 4262 1202 4325 mulctari,cururerst.
