3150 4942
560 403 634 452 nra.
658 405 710 454 vr.
734 404 820 454 cnr.
842 387 897 454 22.
1209 391 1275 456 967

180 548 301 626 munis,
316 553 408 612 metu
423 565 477 624 ue,
500 545 567 610 soli
589 547 717 612 crimini
738 545 895 630 subjecti,
918 547 1054 630 piacula
1073 547 1133 613 irre
1147 547 1275 614 Roma-

179 668 297 714 norum
320 647 524 726 (lederentur,
549 647 751 714 avertissent
772 648 925 713 colonias
947 667 970 712 a
994 649 1146 716 consiliis
1165 651 1276 734 pacis.

180 750 304 833 Neque
318 750 355 814 in
370 754 487 814 senatu
501 749 634 813 solumP
658 768 717 832 per
737 769 796 814 cos
819 749 944 831 legatio
965 749 1125 832 impedita
1138 756 1200 830 est,
1216 753 1276 818 sed

129 862 132 868 ’
181 869 302 932 magua
317 867 396 932 pars
411 849 520 930 plebis
535 849 684 926 incitata,
700 857 738 914 ut
752 849 940 932 praedatum
962 850 996 913 iu
1020 869 1135 932 ugrum
1151 850 1278 918 Roma·

181 969 260 1016 num
276 951 414 1014 exirent.
461 947 550 1014 Haec
564 967 653 1014 nora
674 949 797 1034 injuria
816 951 1007 1016 exturbauit
1031 969 1162 1015 omnem
1183 971 1277 1037 spem

182 1050 303 1135 pacis-⁸
347 1049 401 1114 De
426 1047 710 1114 Praenestinorum
736 1069 871 1133 quoque
896 1050 1089 1117 deiectione
1117 1071 1160 1117 co
1185 1072 1274 1118 auno

182 1151 326 1234 primum
351 1149 443 1214 sama
466 1156 604 1214 exorta:
632 1151 907 1235 arguentibusque
931 1172 990 1217 eos
1014 1152 1218 1218 'Iirsculanis
1244 1159 1279 1218 et

183 1251 327 1316 Gabinis
354 1259 390 1314 et
413 1249 632 1327 noviomiso
649 1270 790 1334 quorum
814 1253 849 1314 in
872 1251 951 1317 fines
976 1254 1179 1318 incursatum
1193 1261 1277 1333 arat,

182 1350 233 1416 ita
255 1350 387 1435 placide
408 1351 452 1414 ab
479 1356 597 1414 senatu
623 1369 818 1434 responsum
843 1357 906 1430 cst,
929 1359 966 1416 ut
988 1353 1100 1417 miuus
1123 1353 1213 1418 credi
1237 1354 1280 1418 (le

184 1451 390 1528 criminibus,
406 1451 485 1534 quia
499 1450 625 1516 nollent
637 1470 680 1516 ea
693 1471 774 1517 vere
787 1471 873 1530 esse,
888 1459 1072 1537 appareret.

227 1553 283 1620 22.
304 1552 497 1635 Insequenti
513 1555 622 1616 anno·
636 1553 695 1635 Sp.
712 1559 747 1618 et
761 1555 801 1618 L.
817 1552 960 1636 Papirii,
975 1555 1055 1619 novi
1077 1555 1200 1619 tribuni
1218 1554 1278 1617 mi·

184 1655 280 1720 litum
304 1651 474 1718 consulari
498 1659 683 1735 potestate,
702 1651 854 1718 Velitras
882 1655 1029 1736 legiones
1044 1655 1280 1740 durataque-

185 1763 263 1820 tuor
291 1753 441 1834 collegis,
467 1752 538 1817 Ser.
568 1751 723 1819 Cornelio
753 1753 984 1836 Maluginense
1012 1759 1206 1838 quartum,¹⁴
1235 1752 1279 1833 Q.

186 1855 344 1933 Seruilio,
370 1853 442 1918 Ser.
471 1852 637 1934 Sulpicio,
663 1854 703 1919 1..
723 1853 864 1920 AEmilio
886 1865 1051 1938 quartum,
1070 1855 1213 1919 tribunis
1236 1856 1281 1919 ad

186 1955 380 2042 praesidiunr
401 1952 514 2031 Urbis,
533 1959 568 2018 et
590 1955 620 2018 si
640 1955 760 2036 quiex
779 1955 913 2020 Etruria
926 1955 1006 2021 noui
1021 1959 1135 2018 motus
1149 1957 1280 2020 nuntia·

188 2065 311 2133 rentur,
337 2054 464 2135 (omnia
487 2054 576 2119 enim
601 2053 680 2117 iude
709 2061 868 2137 suspecta
894 2053 1018 2136 erant)
1046 2055 1181 2119 relictis.
1225 2055 1281 2120 Ad
1414 2127 1418 2134 ,

188 2158 339 2224 Velitras
361 2157 520 2220 adversus
543 2153 674 2236 majora
700 2173 798 2237 paene
830 2155 961 2218 auxilia
986 2154 1282 2231 Praenestinorum,

107 2259 112 2266 '
189 2277 291 2342 quam
329 2260 439 2339 ipsam
470 2257 664 2322 colonorum
698 2255 952 2332 multitudinem,
983 2256 1132 2320 secundo
1166 2255 1283 2339 praelio

189 2361 372 2445 pugnatum
389 2365 462 2437 θεὶς
483 2359 533 2424 ita
547 2363 584 2422 ut
597 2357 828 2441 propinquitas
857 2356 970 2422 urbisq
1004 2356 1094 2421 boeti
1116 2361 1150 2421 et
1181 2375 1284 2422 causa

190 2459 383 2528 maturioris
419 2459 521 2541 iuges,
557 2465 593 2522 et
621 2477 725 2524 uuum
756 2477 800 2524 ex
836 2457 933 2539 iuga,
956 2459 1202 2542 receptaculum
1230 2477 1285 2523 es·

192 2570 254 2630 set.
297 2559 427 2645 Oppidi
449 2557 695 2644 oppugnatione
717 2557 843 2622 tribuni
858 2558 1056 2634 abstinuere,
1071 2558 1152 2640 quia
1172 2563 1207 2622 et
1227 2577 1285 2623 an·

191 2681 276 2747 ceps
296 2669 380 2738 erat,
404 2679 469 2724 uec
497 2661 531 2724 in
559 2659 740 2742 pernicicm
769 2657 912 2723 coloniae
932 2657 1142 2742 pugnandum
1167 2676 1284 2723 censa·

191 2767 283 2830 baut.
328 2759 610 2826 LitereeRomam
634 2758 678 2822 ad
701 2767 861 2824 meatum
879 2777 955 2823 curn
976 2759 1127 2822 victoriae
1149 2759 1285 2837 nuntiis,

192 2867 337 2930 acriores
348 2863 381 2926 in
398 2861 655 2938 Praenestinum,
666 2877 767 2942 quam
781 2859 816 2921 iu
826 2855 1033 2922 Veliternum
1047 2857 1194 2934 boetem,
1207 2859 1287 2922 mis·

194 2985 252 3031 sar.
295 2962 419 3046 Itaque
434 2980 478 3026 ex
495 2968 633 3026 senatus
648 2961 805 3025 consulto
827 2959 1011 3044 populique
1027 2958 1150 3042 jussu¹
1163 2957 1285 3022 bellum

227 3144 239 3177 ⁸
258 3143 707 3211 ompac'ficutiorrirrpcarpmm
717 3141 813 3192 martit.

653 3281 838 3304 00000000οΜ

197 3386 433 3450 masma-ra
451 3382 676 3449 veranum.

688 3527 796 3579 Nom

199 3628 278 3680 Nunc
289 3631 396 3678 vocatur
407 3625 490 3676 cirita
499 3625 602 3684 mian,
613 3629 659 3675 aut
670 3637 726 3674 cor·
766 3631 797 3674 nt
811 3637 872 3689 aap.
889 3627 930 3674 lb.
948 3622 1088 3673 ‘Senatum
1106 3633 1196 3670 eorum
1215 3621 1292 3686 (Tur-

199 3702 310 3766 ruptim.
323 3701 542 3752 claituiacluubm.
765 3697 1129 3765 culmorum)roearijursit.’

231 3786 244 3813 ⁰
263 3777 390 3829 Veliternis
400 3776 490 3827 deibus
499 3775 561 3840 sair]
577 3773 725 3826 cubum
797 3774 812 3805 ⁶
829 3774 863 3825 Α.
873 3776 907 3825 U.
917 3775 949 3825 c.
961 3779 1019 3824 ⁸⁷2.
1125 3766 1128 3770 ’

200 3852 265 3905 urbe
273 3851 365 3904 mitris.
797 3857 810 3892 i
826 3849 997 3913 Pmpiaqaitm
1006 3847 1082 3911 νᾶα]
1098 3845 1251 3894 Veliternus.

231 3936 246 3972 Ρ
265 3929 344 3992 Neque
359 3928 387 3976 ia
402 3931 487 3978 mula
501 3925 589 3988 abra]
604 3924 727 3986 intellige
799 3931 810 3958 ¹
826 3924 868 3973 Er
882 3929 978 3974 mter
992 3920 1228 3984 multomuliqu
1238 3918 1294 3979 jur·

200 4004 330 4054 inrauatu
345 4002 496 4051 Veliterno:
513 3999 644 4062 habebant
660 3997 728 4048 culm
767 3998 809 4062 ru]
842 3998 1041 4048 Procedentem
1068 4002 1173 4045 sentus
1205 4004 1295 4046 aucto·

201 4081 353 4132 coloniaac
369 4078 653 4143 municipiuconailiuur
666 4075 729 4140 pub·
770 4073 876 4122 ritatem
902 4078 994 4121 secuta
1017 4070 1050 4119 de
1078 4083 1150 4119 nora
1185 4069 1296 4132 rogatio,

202 4157 288 4219 benur,
304 4156 419 4206 ordinem
436 4155 539 4204 scilicet
555 4153 731 4215 decurionum,
769 4154 797 4197 ct
808 4146 961 4198 contemmis
976 4145 1088 4198 comitile
1099 4145 1193 4196 bellum
1205 4145 1294 4196 dama

204 4246 279 4299 quam
295 4231 393 4283 curiam
413 4238 441 4280 et
459 4237 575 4282 senatum
594 4228 731 4289 rorabant,
771 4231 835 4275 tum.
