3150 4942
318 434 405 501 1298
784 450 819 495 r.
846 446 944 495 mvn

351 605 401 657 qne
414 592 489 641 tectia
502 604 553 640 noa
565 589 597 639 ed
610 596 740 639 certamen
753 590 842 639 hortea
853 590 949 639 elicere
966 594 1063 653 poteri.
1099 590 1201 641 caritaa
1210 605 1336 654 annona,
1348 609 1428 657 qaam

350 672 384 723 Q,
397 672 491 720 Fabius
509 672 582 719 Max.
594 668 644 720 aad.
662 684 717 719 cur.
730 669 849 719 subierat
860 670 1033 733 praeparando
1051 684 1083 719 ae
1102 673 1272 722 conuehendo
1283 672 1431 725 frumento·

352 750 470 800 Rubellio
480 750 644 809 Samnitium,
656 750 817 798 Lucanorum
828 748 892 798 duee
903 749 1128 812 depopulantium.

318 835 358 881 la.
376 832 471 881 Foednr
481 846 538 880 cum
550 830 661 879 Lucania
672 828 712 890 fir,
724 837 751 877 et
762 828 876 883 fetialen
889 828 934 878 aed
945 829 1052 892 i'rnatra‚
1062 829 1211 892 mittuntur,
1223 833 1267 895 qui
1277 833 1429 882 Samnitem

350 908 479 961 decedere
489 923 550 973 agro
561 909 688 958 auctorum
704 908 824 971 aneunt.
858 906 955 957 Hoeter
967 922 983 957 a
994 908 1144 957 conauiibur
1156 910 1306 973 vincuntur,
1317 912 1429 961 Earum

349 1005 364 1039 a
376 992 404 1041 L.
417 990 536 1041 cornelio
549 988 671 1052 Scipione
683 990 716 1036 ed
727 989 877 1038 Volaterrae
888 996 998 1037 cruento
1005 988 1032 1037 in
1044 988 1145 1051 puello,
1156 996 1185 1039 et
1196 991 1331 1040 Samnite·
1345 1006 1364 1039 a
1375 993 1429 1041 Cn·

349 1070 440 1120 Fulvio
451 1069 483 1119 ud
495 1070 646 1119 Bouianum.
680 1072 719 1117 1⁸.
738 1069 818 1117 Fama
829 1068 955 1124 exoritur,
967 1068 1092 1118 Etruecoa
1105 1068 1289 1134 Samnitesque
1300 1073 1427 1133 ingentes

349 1150 514 1201 conscribere
524 1150 666 1204 exercitae,
678 1156 705 1197 et
721 1148 799 1210 hujne
811 1148 919 1197 terratia
930 1161 1008 1197 cauea
1025 1148 1059 1200 Q.
1070 1148 1166 1199 Fabiae
1178 1150 1313 1199 Maximae
1324 1151 1426 1199 inritae

348 1238 477 1295 netarium,
495 1244 577 1295 euque
597 1226 764 1291 errffruguute,
781 1229 814 1277 Ρ.
832 1226 932 1277 Deciue
951 1226 1012 1275 Mur
1031 1229 1137 1277 tertium
1155 1230 1275 1279 rouanlea
1287 1238 1426 1278 creentur.

348 1312 441 1361 Mallia
452 1312 559 1359 nimium
575 1309 631 1373 agri
649 1307 843 1372 poreidentibur
862 1307 917 1356 dies
932 1307 965 1356 ab
984 1306 1101 1357 edilibna
1114 1307 1219 1357 dicitnr.
1256 1311 1297 1357 ld.
1313 1308 1424 1358 Etnria

348 1392 380 1440 ed
394 1404 484 1456 pacem
496 1390 634 1454 petendam
646 1388 799 1449 inclinante,
816 1386 893 1435 ambo
904 1401 971 1436 eoae.
984 1386 1010 1435 in
1028 1387 1159 1436 Samnium
1177 1387 1296 1450 legionen
1312 1387 1424 1450 dunat,

347 1472 390 1521 ubi
402 1470 495 1519 Fabiae
505 1470 604 1518 hortem
617 1466 722 1517 leniter
733 1473 890 1531 pugnantem
902 1467 934 1515 ud
945 1464 1079 1515 Tifernum
1092 1464 1222 1531 prodigal.
1256 1472 1300 1518 lli.
1319 1468 1422 1517 Deuiae

238 1578 241 1598 t
347 1550 432 1611 fundit
449 1549 558 1612 Apulae,
578 1553 605 1597 et
625 1549 676 1597 dno
694 1547 842 1596 conerrlarea
861 1545 1037 1595 exercitoria
1057 1546 1162 1595 Samnio
1177 1547 1266 1597 omnia
1285 1553 1422 1597 eraalaat.

346 1629 457 1684 Fabiae:
467 1628 628 1678 comilionrm
640 1641 717 1676 cauea
728 1625 836 1675 Romam
850 1625 992 1691 proiectae,
1011 1626 1173 1675 contrieram
1185 1626 1273 1677 denuo
1283 1626 1336 1676 eibi
1348 1627 1423 1677 oble·

347 1717 401 1757 tum
413 1717 527 1770 reeueet,
539 1714 566 1756 el
578 1708 609 1759 L.
621 1706 773 1756 volumniae
783 1707 818 1756 de
829 1706 905 1771 plebe
915 1719 976 1755 enm
985 1706 1039 1769 Ap.
1048 1704 1159 1755 claudio
1170 1706 1266 1755 iterum
1276 1705 1310 1757 ar
1320 1709 1424 1757 wnaeL

347 1791 387 1837 lti.
405 1787 485 1837 Fabio
496 1792 524 1836 el
534 1786 615 1836 Decio
627 1787 652 1835 ln
664 1800 708 1836 uer
720 1800 822 1836 menam
832 1793 990 1850 prorogator
1000 1784 1137 1848 imperinm
1147 1786 1174 1834 in
1184 1786 1301 1836 Samnio.
1318 1787 1420 1837 fleatea

346 1864 406 1915 iude
418 1865 485 1929 pulei
493 1866 625 1915 Etruriam
637 1872 741 1928 petant,
752 1878 860 1929 eamque
870 1864 958 1914 mixtio
969 1870 1071 1915 terrore
1081 1865 1202 1927 precibua
1213 1865 1246 1914 ed
1256 1866 1357 1916 bellum
1365 1874 1421 1915 tra·

345 1945 408 1995 bere
418 1951 552 1995 conantur.
586 1948 624 1993 17.
641 1944 781 1994 lutereaiu
793 1944 900 1993 Samnio
910 1944 1048 2007 capiuntur
1065 1942 1275 2010 diripiunturqne
1290 1945 1421 2009 Murgan·

346 2026 393 2092 tiu,
405 2026 538 2087 Romulea,
547 2032 575 2075 et
592 2024 749 2075 Ferentium.

315 2110 353 2159 le.
371 2106 487 2156 Auctore
498 2104 585 2157 Gellio
596 2106 717 2170 Egnatio,
727 2104 795 2153 duce
806 2103 968 2159 Samnitium,
977 2102 1037 2153 lunio
1048 2104 1146 2168 populu
1153 2104 1355 2168 aecoanngunt
1363 2121 1419 2157 non

345 2186 421 2236 modu
432 2186 512 2237 Turul
527 2184 584 2235 fere
594 2199 691 2242 omnea,
702 2183 747 2233 aed
759 2192 787 2233 et
802 2183 896 2233 Umbri
907 2183 1031 2249 Gallique
1041 2184 1162 2234 mercede
1173 2185 1308 2237 colicitati.
1344 2188 1420 2238 Hine

345 2266 496 2317 volumniae
507 2265 532 2316 in
543 2265 673 2315 Samnium
686 2263 868 2328 proficiscitur,
879 2271 907 2313 et
917 2263 1019 2329 Appiae
1038 2264 1065 2313 ln
1076 2265 1214 2314 Etruriam.
1246 2266 1275 2316 la
1285 2281 1337 2317 nee
1349 2270 1420 2319 reite

343 2358 393 2395 aec
404 2344 535 2396 fortunate
546 2346 682 2410 quicquum
699 2346 776 2408 gerit,
788 2351 817 2394 et
828 2344 984 2393 volumniae
998 2358 1058 2394 cnm
1068 2344 1122 2395 anie
1132 2346 1214 2410 eupila
1225 2346 1258 2395 ad
1269 2346 1344 2397 iilum
1355 2362 1419 2413 peu.

345 2426 385 2489 git
395 2426 494 2475 acuitur
505 2425 764 2489 literir,qnaatamen
775 2425 817 2474 hic
830 2438 883 2473 aee
894 2424 1006 2487 aeriptea
1017 2438 1075 2474 eaee
1086 2434 1173 2489 negat.
1206 2430 1249 2479 lc.
1264 2426 1418 2481 Altercalio

344 2506 489 2567 contulum,
507 2518 614 2570 qnorum
627 2506 695 2554 alter
713 2512 813 2567 amtor,
826 2505 896 2555 alter
912 2505 1057 2567 imperator
1067 2514 1109 2555 ert
1126 2507 1225 2556 melior.
1257 2508 1417 2560 volumniae

338 2586 394 2649 janu
406 2584 523 2633 abiturae
534 2586 662 2635 retinetur
674 2585 794 2648 precibus
803 2583 916 2648 Appiani
926 2584 1065 2633 exercitua-
1097 2586 1215 2636 Vietmla
1227 2588 1416 2640 Romanorum.

343 2668 384 2715 vil.
392 2662 544 2712 Volumniae
555 2664 581 2712 ln
592 2664 722 2712 Samnium
734 2664 811 2724 redit,
822 2670 850 2713 et
862 2665 888 2714 iu
899 2666 1033 2728 Campano
1044 2678 1108 2728 egre
1118 2666 1337 2718 eeottsmnlter
1346 2652 1418 2733 pra-⁹

344 2741 376 2792 de
393 2750 507 2793 unuatoa.
539 2747 580 2792 ll.
598 2742 687 2793 Romu
700 2743 901 2806 trepidationem
920 2758 979 2792 mox
997 2745 1107 2807 perlata
1122 2748 1222 2811 exeipit
1240 2750 1413 2815 implicatio,

344 2824 483 2888 placetque
494 2830 522 2873 nt
534 2823 592 2873 duee
604 2824 713 2873 coloniae
724 2823 794 2872 eirea
804 2823 945 2873 verrinum
957 2824 1148 2891 Falernumque
1160 2840 1256 2890 agrum
1265 2831 1301 2879 ab
1308 2830 1415 2882 Samni·

344 2904 414 2953 tibnr
426 2903 623 2967 depopulatum,
634 2904 749 2968 praesidii
761 2904 818 2953 loeo
829 2902 1001 2967 deducantur,
1011 2906 1152 2956 minuatne
1163 2913 1191 2956 et
1201 2910 1331 2959 Sinueeea.
1366 2911 1414 2961 lu·

345 2984 422 3033 terim
445 2984 559 3046 Etrnecl,
579 2984 719 3047 domniaco,
739 2984 841 3047 Umbri,
863 2983 987 3049 Gallique
1004 2997 1076 3035 arma
1094 2986 1235 3038 uenierunt
1254 2990 1281 3038 ln
1303 2991 1413 3041 Etruria

343 3066 385 3114 ll.
401 3063 435 3116 Q.
453 3062 548 3113 Fabiae
563 3064 634 3114 Max.
651 3078 775 3115 comeatu
788 3066 871 3114 victua
889 3065 975 3114 courel
985 3072 1158 3117 creatntcum
1176 3068 1208 3118 P.
1225 3070 1318 3131 Decio,
1330 3086 1412 3135 quem

344 3146 439 3195 iterum
450 3145 575 3208 collegam
588 3154 760 3208 poposcerat:
778 3155 806 3194 et
817 3146 848 3195 L.
857 3145 995 3195 volumnio
1013 3146 1039 3194 in
1051 3161 1143 3196 annun
1158 3159 1312 3213 prorogatur
1327 3151 1413 3216 impe·

343 3224 418 3275 riam.

311 3308 353 3355 28.
371 3304 511 3369 Prodigle3
527 3304 748 3369 aupplieationea;
766 3304 899 3356 Pudicitia
916 3304 1027 3369 patricia
1043 3313 1071 3355 et
1088 3308 1198 3370 plebeia,
1215 3323 1358 3376 earumque
1369 3326 1410 3362 n.

342 3385 410 3434 cella
420 3392 448 3436 et
466 3400 528 3436 erre.
559 3386 738 3437 Faeneratorea
749 3395 777 3436 et
787 3387 901 3451 peraeril
912 3386 1160 3439 bonlamnlctantnr.
1196 3388 1244 3441 '24
1260 3392 1409 3444 lntereen-

287 3482 291 3491 ’
344 3464 423 3526 euleu,
437 3466 481 3529 qui
492 3464 592 3514 duubne
599 3468 655 3528 jara
667 3465 843 3517 eoneulatlbm
855 3479 1017 3533 eemnraqne
1027 3468 1166 3519 concordet
1176 3470 1278 3521 fuerant
1289 3474 1409 3539 collegae,

344 3543 477 3592 contentio
489 3545 571 3593 uritur
581 3543 614 3595 de
633 3546 781 3610 pruvincia,
797 3546 914 3611 patriciir
932 3548 1109 3612 tendentibue,
1126 3558 1156 3600 ut
1166 3552 1262 3603 Fabius
1274 3554 1407 3605 Etruriam

343 3628 420 3672 extra
431 3622 547 3672 ordinem
560 3626 602 3674 rel
613 3626 669 3676 eine
679 3634 749 3676 rorte
760 3626 892 3677 obtineat:
909 3642 966 3691 une
976 3628 1055 3677 eliam
1064 3630 1197 3693 proriueia
1207 3631 1244 3681 iili
1256 3632 1408 3685 decernitur

342 3702 433 3768 pupuli
444 3714 577 3752 conteneo.
609 3708 650 3754 ed.
668 3704 773 3767 Fabiae,
783 3706 888 3770 eeriptia
899 3706 1027 3757 duntaxat
1042 3716 1155 3773 quatuor
1164 3711 1276 3763 millibm
1287 3716 1406 3778 peniteat

342 3788 370 3832 et
381 3785 438 3831 titt.
447 3780 586 3848 equlllbm‚
597 3782 629 3830 ed
642 3788 729 3833 caetra
739 3783 818 3847 Appii
831 3786 950 3848 pretorii
962 3785 1137 3850 proficiscitur
1144 3807 1153 3852 l
1169 3792 1215 3841 eed
1226 3807 1286 3843 nox
1296 3794 1405 3847 aunan

343 3862 413 3913 redit
424 3862 456 3913 ed
469 3862 664 3915 contultandnnt
674 3862 707 3913 de
720 3864 789 3915 bello
801 3864 920 3923 litrueeo,
930 3867 1006 3931 cnjne
1014 3874 1139 3919 terrorem
1152 3872 1318 3938 auxerattlp.
1329 3874 1405 3926 Clau·

341 3943 409 3993 diua.
442 3947 484 3994 26.
501 3942 544 3995 lbi
556 3944 633 4009 petit,
644 3950 672 3993 ul
683 3944 732 3995 eibi
743 3944 851 4009 adjutor
861 3946 939 3996 detur
950 3948 1055 4011 Decine,
1066 3950 1139 4014 inque
1149 3964 1201 4001 non
1210 3960 1315 4005 recurat
1322 3958 1405 4006 eoele-

341 4024 544 4088 tetemimperii.
576 4026 658 4089 Legio
669 4026 743 4077 Rom.
759 4025 918 4082 ubUmbrie,
928 4028 980 4090 rel,
997 4028 1065 4093 quud
1082 4032 1242 4094 probabivur
1259 4042 1311 4093 eut,
1321 4036 1403 4086 Gallie

341 4104 525 4161 circumuenta,
545 4103 657 4155 deletur.
697 4108 739 4156 el.
762 4106 848 4158 Atrox
868 4122 955 4172 pugna
971 4110 1104 4160 eonenlom
1122 4126 1182 4163 cum
1199 4114 1357 4166 Samnitibur
1374 4122 1404 4165 el

342 4182 426 4233 Gallia
436 4184 462 4234 ln
472 4196 536 4249 egro
546 4185 685 4235 Sentinati.
717 4190 758 4236 20.
776 4187 898 4239 Romania
908 4188 935 4237 in
946 4189 1013 4239 lero
1029 4204 1110 4241 norun
1122 4191 1290 4260 ingieutrbar,
1309 4196 1403 4247 Deelae

342 4263 461 4327 exemplo
472 4262 554 4328 patria
566 4276 594 4313 ee
605 4263 724 4317 deraret.
756 4270 798 4316 ill.
815 4267 908 4332 Pugna
918 4281 976 4320 cum
987 4268 1069 4321 Gellia
1079 4270 1105 4321 iu
1120 4272 1226 4324 ainirtro
1236 4288 1318 4326 eoreu
1328 4275 1403 4327 reati·
