3150 4942
291 445 378 511 128⁰
762 460 797 508 r.
822 458 916 507 urvrr

289 612 405 669 uatum
420 603 550 667 initium
565 601 690 665 dieitur
703 601 768 665 tori
784 601 922 665 ornandi
936 600 979 665 ab
994 598 1164 677 reddibus,
1187 619 1266 665 cum
1279 602 1393 667 tensae

290 704 498 768 ducerentur.
541 700 587 765 Et
603 700 750 765 Romani
765 699 899 783 quidem
911 700 956 764 ad
970 699 1128 766 bonorem
1154 703 1268 766 Deum
1289 704 1399 783 iusig-

290 805 390 869 uibus
413 804 514 867 armis
538 802 686 867 hostium
711 804 764 866 usi
786 807 879 866 suut:
902 801 1078 884 Campani,
1107 804 1151 867 ab
1174 804 1340 885 superbia
1360 811 1400 866 et

291 905 374 970 odio
403 905 612 980 Samnitium,
639 904 843 986 gladiatores
868 902 979 989 (quod
1004 904 1236 986 spectaculum
1246 912 1275 941 ¹⁸
1304 904 1401 967 inter

290 1006 410 1091 epulas
425 1006 539 1087 erat)¹
559 1024 601 1069 eo
626 1010 743 1069 ornatu
767 1012 946 1081 armarunt,
970 1003 1237 1087 Samnitiumque
1257 1004 1400 1068 nomine

289 1108 574 1190 compellarunt¹³
620 1104 751 1170 Eodem
765 1123 852 1171 auno
865 1124 943 1169 curn
957 1105 1096 1187 reliquis
1111 1104 1332 1169 Etruscorum
1346 1104 1399 1169 ad

290 1209 478 1287 Perusiam,
491 1227 568 1293 quae
582 1213 616 1275 et
630 1209 709 1291 ipsa
719 1215 746 1255 ¹⁴
766 1206 972 1271 induciarum
985 1205 1084 1270 iidem
1098 1215 1243 1288 ruperat,
1257 1206 1398 1271 Fabius

291 1312 408 1375 consul
424 1330 487 1375 neo
502 1311 608 1377 dubia
622 1330 684 1374 nec
700 1307 830 1374 difficili
844 1308 983 1373 uictoria
997 1307 1147 1373 dimicat
1193 1309 1315 1391 ipsum
1331 1328 1397 1392 op·

290 1411 409 1495 pidum
433 1416 524 1491 (nem
541 1412 585 1476 ad
597 1411 720 1477 muenia
733 1406 1020 1491 uictoracoeesit)
1041 1409 1201 1491 cepisset,
1224 1409 1260 1471 ni
1282 1410 1397 1491 legati

290 1511 448 1577 dedentes
461 1515 578 1577 urbem
593 1512 753 1575 exissent.
800 1508 967 1575 Praesidio
982 1509 1134 1574 Perusiae
1148 1509 1322 1592 imposito,
1346 1510 1400 1574 ie·

290 1614 485 1695 gatiouibue
500 1612 643 1678 Etruriae
658 1612 841 1677 amicitiem
853 1612 1045 1694 petentibus
1058 1630 1128 1694 prae
1139 1630 1176 1674 se
1185 1608 1335 1675 Romam
1346 1612 1396 1676 ad

290 1721 439 1778 senatum
454 1715 577 1793 missis,
592 1712 731 1790 consol,¹
742 1712 977 1795 praestantiore
991 1712 1106 1787 ctiam,
1122 1730 1222 1794 quam
1234 1718 1259 1758 ¹⁵
1283 1711 1398 1778 dicta·

289 1820 354 1892 tor,
369 1814 508 1878 victoria
522 1814 746 1897 triumphans,
771 1811 897 1877 Urbem
912 1818 964 1877 est
977 1813 1136 1877 inuectus.
1180 1812 1273 1892 Quin
1288 1816 1395 1879 edam

289 1914 496 1979 devictorum
512 1914 713 1981 Samnitium
728 1912 833 1978 decus
848 1932 968 1995 magua
991 1933 1034 1977 ex
1058 1918 1152 1996 parte
1176 1915 1220 1979 ad
1244 1913 1396 1997 legatos,

290 2015 334 2081 P
359 2015 503 2081 Decium
528 2023 563 2081 et
586 2016 635 2081 Μ.
665 2014 853 2090 Valerium,
878 2020 930 2078 est
953 2033 1106 2079 uersum·
1128 2035 1215 2098 quos
1235 2020 1395 2100 populus

289 2118 454 2199 proximis
468 2118 612 2182 comitiis
624 2117 750 2199 ingenti
765 2134 930 2180 consensu
944 2116 1121 2180 consulem
1137 2116 1288 2239 aiterum,
1309 2119 1394 2183 aite-

289 2232 363 2281 rum
376 2222 547 2300 praetorem
562 2218 759 2282 declaravit.

332 2316 387 2381 tl
411 2318 519 2384 Fabio
542 2320 587 2383 ob
607 2318 739 2400 egregie
756 2316 981 2400 perdomitam
997 2318 1159 2383 Etruriam
1174 2320 1393 2386 continuatur

290 2418 497 2483 consulatus:
521 2419 649 2483 Decius
661 2418 789 2500 collega
796 2414 956 2483 ¹⁶datur.'
990 2418 1146 2483 Valerius
1157 2426 1279 2503 praetor
1288 2440 1391 2504 quar·

290 2527 363 2583 tum
377 2528 519 2583 creatus
563 2517 727 2583 Consules
742 2518 856 2600 pertiti
871 2520 1075 2599 provincias·
1119 2518 1251 2584 Etruria
1263 2519 1392 2600 Decio,

289 2616 464 2681 Samnium
488 2618 597 2682 Fabio
617 2620 765 2683 euenit-¹⁷
811 2618 849 2683 Is
867 2619 1039 2701 proiectus
1062 2619 1107 2684 ad
1126 2618 1312 2685 Nuceriam
1327 2620 1393 2686 Al·

289 2718 474 2795 iatemam,¹
492 2726 564 2783 turn
579 2737 698 2801 pacem
713 2722 891 2802 petentes,¹
909 2720 999 2803 quod
1014 2721 1065 2784 uti
1078 2740 1132 2798 ee,
1149 2740 1227 2785 cum
1243 2722 1391 2800 daretur,

745 2897 929 2918 nummu

290 3011 351 3063 edd.
361 3012 592 3073 erraterimew-
561 3016 650 3062 -ta‘
661 3012 788 3076 Quodepe
789 3014 906 3063 medear
925 3024 973 3075 pra
987 3028 1085 3077 preren
1100 3016 1271 3079 mutuatu:
1287 3016 1391 3067 nieiira

290 3074 350 3139 leg!
368 3076 504 3139 Rrr.—pert
472 3080 536 3125 11
545 3078 631 3155 Vuig
649 3078 838 3142 witonis-
807 3081 871 3127 -tt
889 3078 968 3140 Vuig
960 3080 1110 3143 quipse.
1142 3080 1203 3130 vid.
1215 3081 1278 3131 Not.
1290 3081 1392 3132 Ver.-

291 3142 322 3191 ts
336 3140 406 3203 Vutg
408 3141 600 3203 praeserere,
609 3156 688 3205 qum.

322 3206 384 3252 id·
389 3156 472 3253 catu.
492 3205 567 3254 Decio
584 3206 660 3266 cotteg
660 3220 690 3253 ω.
718 3206 793 3254 vore.
809 3210 837 3254 et
859 3203 948 3254 Helm.
964 3204 1042 3255 Decio
1057 3207 1157 3269 athre.
1190 3206 1269 3257 Forte
1285 3216 1390 3259 mutate

289 3266 469 3327 distinetione,
487 3267 577 3317 Fabiae
587 3268 616 3317 oi
627 3264 722 3331 egregie
738 3269 894 3331 perdometur·
905 3270 1039 3333 Emrima,
1048 3272 1184 3320 ιοιιιιιιιιιιῑο
1193 3274 1326 3331 mide,
1336 3273 1389 3323 De·

275 3330 279 3339 '
287 3330 424 3393 eiomttege
442 3330 533 3381 mar?
556 3332 753 3383 Jmurorono
754 3336 818 3383 -17
836 3333 987 3396 Lugendum
1003 3336 1134 3387 monet]
1145 3335 1174 3385 F
1186 3336 1306 3388 Gronov
1325 3338 1389 3388 en·

786 3476 895 3529 NOTAE

323 3588 454 3638 'Derieis
462 3592 652 3651 cremiorum
661 3593 820 3656 [meridie-
860 3591 920 3641 Fuit
930 3598 958 3641 et
970 3592 1088 3642 Romania
1099 3594 1238 3658 aliquando
1250 3602 1389 3660 spectacu-

289 3664 355 3728 raet]
366 3664 481 3724 adserere
489 3666 630 3730 οιιιιιιιιιιιιιι]
646 3668 771 3717 Tuberone
780 3683 820 3717 ar·
858 3665 911 3716 turn
922 3666 1090 3730 gladiatorum
1103 3669 1172 3719 iuter
1185 3671 1320 3734 epulamur
1330 3686 1389 3721 ero-

289 3738 465 3803 genteriorum
472 3738 498 3787 iu
505 3738 572 3787 Foro
579 3739 701 3791 Romano.
718 3741 818 3793 Horum
857 3741 926 3791 delia
941 3742 1140 3806 obiectamenta,
1153 3744 1284 3796 Strabone
1303 3748 1349 3796 tib.
1360 3761 1388 3795 r.

288 3828 409 3879 magnam
425 3818 525 3878 partem
540 3825 629 3863 servor
644 3812 724 3865 intem
738 3814 818 3869 docet
858 3818 966 3881 aliisque
976 3820 1389 3885 contemporaneo-mr.

288 3890 332 3940 hic
343 3890 422 3939 iocur.
857 3891 904 3942 tib.
914 3905 935 3942 ι.
942 3906 1001 3957 erp.
1009 3898 1035 3941 e.
1046 3894 1092 3958 qui
1111 3908 1167 3945 moe
1184 3896 1231 3946 eutr
1240 3896 1388 3961 Imperato-

323 3962 533 4027 argentariarum]
569 3964 682 4030 Nempe,
703 3964 818 4017 officina·
856 3966 1125 4030 ribueperrerererit.
1213 4012 1216 4018 .

290 4055 354 4091 rom.
379 4040 447 4089 Vide
458 4040 501 4090 tib.
513 4053 593 4089 xxvi.
606 4054 629 4089 c.
641 4044 682 4091 27.
710 4042 818 4092 Deteri-
889 4041 904 4069 ¹
921 4041 955 4092 A.
966 4042 999 4091 U.
1012 4044 1043 4092 c.
1053 4046 1113 4095 tto.

289 4128 346 4164 mue
358 4128 420 4177 ergo
430 4116 627 4178 αιςιιιιιιιίιιιιιιι,
637 4130 671 4164 ex
687 4119 820 4171 sententie
888 4118 1039 4177 ‘Metine
1048 4120 1081 4168 ed
1090 4120 1218 4170 Nuceriae
1225 4121 1388 4185 metm]

290 4188 477 4250 Ampiiee.Vtri
486 4187 543 4237 Gir.
554 4190 694 4254 ceperint.
704 4194 818 4245 Gierim.
858 4193 1306 4259 DicematatiiprefeeteeNecm'ere.
1317 4200 1388 4248 Noe·

193 4260 202 4271 '
321 4268 335 4299 ¹
353 4262 423 4318 Quod
429 4262 583 4327 spectaretur·
591 4262 654 4314 ieter
664 4267 817 4333 φιιιιιιιιιι]
857 4276 898 4319 tro
920 4269 1027 4321 solenne
1047 4270 1255 4336 praepositionem
1278 4271 1387 4331 addere,
