<?xml version="1.0" encoding="UTF-8"?>
<!DOCTYPE html PUBLIC "-//W3C//DTD XHTML 1.0 Transitional//EN"
    "http://www.w3.org/TR/xhtml1/DTD/xhtml1-transitional.dtd">
<html xmlns="http://www.w3.org/1999/xhtml" xml:lang="en" lang="en">
 <head>
  <title>
</title>
<meta http-equiv="Content-Type" content="text/html;charset=utf-8" />
  <meta name='ocr-system' content='tesseract 3.04.00' />
  <meta name='ocr-capabilities' content='ocr_page ocr_carea ocr_par ocr_line ocrx_word'/>
</head>
<body>
  <div class='ocr_page' id='page_1' title='image "./tliviipatavinih06rupegoog/tliviipatavinih06rupegoog_0075.png"; bbox 0 0 3150 4942; ppageno 0'>
   <div class='ocr_carea' id='block_1_1' title="bbox 581 450 1295 518">
    <p class='ocr_par' dir='ltr' id='par_1_1' title="bbox 581 450 1295 518">
     <span class='ocr_line' id='line_1_1' title="bbox 581 450 1295 518; baseline 0.008 -6"><span class='ocrx_word' id='word_1_1' title='bbox 581 466 652 513; x_wconf 82' lang='lat' dir='ltr'><strong>nra.</strong></span> <span class='ocrx_word' id='word_1_2' title='bbox 677 467 726 512; x_wconf 90' lang='lat' dir='ltr'><strong>vr.</strong></span> <span class='ocrx_word' id='word_1_3' title='bbox 753 467 835 515; x_wconf 77' lang='lat' dir='ltr'><strong>car.</strong></span> <span class='ocrx_word' id='word_1_4' title='bbox 858 450 912 514; x_wconf 82' lang='grc'><strong>34.</strong></span> <span class='ocrx_word' id='word_1_5' title='bbox 1229 454 1295 518; x_wconf 83' lang='grc'><strong>989</strong></span> 
     </span>
    </p>
   </div>
   <div class='ocr_carea' id='block_1_2' title="bbox 195 607 1357 2418">
    <p class='ocr_par' dir='ltr' id='par_1_2' title="bbox 195 607 1357 2418">
     <span class='ocr_line' id='line_1_2' title="bbox 197 607 1301 696; baseline 0 -20"><span class='ocrx_word' id='word_1_6' title='bbox 197 609 350 693; x_wconf 89' lang='lat' dir='ltr'><strong>corporis</strong></span> <span class='ocrx_word' id='word_1_7' title='bbox 372 607 532 685; x_wconf 84' lang='lat' dir='ltr'><strong>homiues,</strong></span> <span class='ocrx_word' id='word_1_8' title='bbox 555 616 625 672; x_wconf 89' lang='lat' dir='ltr'><strong>tum</strong></span> <span class='ocrx_word' id='word_1_9' title='bbox 649 610 750 672; x_wconf 84' lang='lat' dir='ltr'><strong>etiam</strong></span> <span class='ocrx_word' id='word_1_10' title='bbox 774 609 817 673; x_wconf 88' lang='lat' dir='ltr'><strong>ad</strong></span> <span class='ocrx_word' id='word_1_11' title='bbox 842 610 985 692; x_wconf 91' lang='lat' dir='ltr'><strong>plebem,</strong></span> <span class='ocrx_word' id='word_1_12' title='bbox 1007 608 1096 691; x_wconf 86' lang='lat' dir='ltr'><strong>quod</strong></span> <span class='ocrx_word' id='word_1_13' title='bbox 1118 610 1301 696; x_wconf 67' lang='lat' dir='ltr'><strong>haudqua-</strong></span> 
     </span>
     <span class='ocr_line' id='line_1_3' title="bbox 198 709 1295 796; baseline -0.001 -20"><span class='ocrx_word' id='word_1_14' title='bbox 198 729 298 796; x_wconf 84' lang='lat' dir='ltr'><strong>quam</strong></span> <span class='ocrx_word' id='word_1_15' title='bbox 321 710 404 774; x_wconf 90' lang='lat' dir='ltr'><strong>inter</strong></span> <span class='ocrx_word' id='word_1_16' title='bbox 424 709 458 773; x_wconf 92' lang='lat' dir='ltr'><strong>id</strong></span> <span class='ocrx_word' id='word_1_17' title='bbox 478 729 579 791; x_wconf 82' lang='lat' dir='ltr'><strong>genus</strong></span> <span class='ocrx_word' id='word_1_18' title='bbox 595 715 779 774; x_wconf 85' lang='lat' dir='ltr'><strong>contemtor</strong></span> <span class='ocrx_word' id='word_1_19' title='bbox 794 709 871 793; x_wconf 87' lang='lat' dir='ltr'><strong>ejus</strong></span> <span class='ocrx_word' id='word_1_20' title='bbox 885 711 1097 788; x_wconf 77' lang='lat' dir='ltr'><strong>habebatur,t</strong></span> <span class='ocrx_word' id='word_1_21' title='bbox 1117 711 1195 774; x_wconf 79' lang='lat' dir='ltr'><strong>filiae</strong></span> <span class='ocrx_word' id='word_1_22' title='bbox 1218 711 1295 776; x_wconf 82' lang='lat' dir='ltr'><strong>duoe</strong></span> 
     </span>
     <span class='ocr_line' id='line_1_4' title="bbox 197 808 1295 894; baseline 0.001 -20"><span class='ocrx_word' id='word_1_23' title='bbox 197 819 323 894; x_wconf 81' lang='lat' dir='ltr'><strong>nuptae,</strong></span> <span class='ocrx_word' id='word_1_24' title='bbox 337 810 409 875; x_wconf 89' lang='lat' dir='ltr'><strong>Ser.</strong></span> <span class='ocrx_word' id='word_1_25' title='bbox 426 809 577 893; x_wconf 91' lang='lat' dir='ltr'><strong>Sulpicio</strong></span> <span class='ocrx_word' id='word_1_26' title='bbox 591 811 708 894; x_wconf 88' lang='lat' dir='ltr'><strong>major,</strong></span> <span class='ocrx_word' id='word_1_27' title='bbox 721 812 827 874; x_wconf 90' lang='lat' dir='ltr'><strong>minor</strong></span> <span class='ocrx_word' id='word_1_28' title='bbox 839 808 878 874; x_wconf 85' lang='lat' dir='ltr'><strong>C.</strong></span> <span class='ocrx_word' id='word_1_29' title='bbox 891 810 1023 876; x_wconf 84' lang='lat' dir='ltr'><strong>Licinio</strong></span> <span class='ocrx_word' id='word_1_30' title='bbox 1038 808 1194 877; x_wconf 59' lang='lat' dir='ltr'><strong>Stoloni!</strong></span> <span class='ocrx_word' id='word_1_31' title='bbox 1213 820 1295 883; x_wconf 86' lang='lat' dir='ltr'><strong>erat,</strong></span> 
     </span>
     <span class='ocr_line' id='line_1_5' title="bbox 197 909 1296 995; baseline 0.002 -21"><span class='ocrx_word' id='word_1_32' title='bbox 197 911 318 976; x_wconf 82' lang='lat' dir='ltr'><strong>illustri</strong></span> <span class='ocrx_word' id='word_1_33' title='bbox 343 909 487 993; x_wconf 89' lang='lat' dir='ltr'><strong>quidem,</strong></span> <span class='ocrx_word' id='word_1_34' title='bbox 512 911 585 974; x_wconf 87' lang='lat' dir='ltr'><strong>viro</strong></span> <span class='ocrx_word' id='word_1_35' title='bbox 612 915 719 975; x_wconf 83' lang='lat' dir='ltr'><strong>tamen</strong></span> <span class='ocrx_word' id='word_1_36' title='bbox 744 910 898 994; x_wconf 90' lang='lat' dir='ltr'><strong>plebeio:</strong></span> <span class='ocrx_word' id='word_1_37' title='bbox 924 931 1031 994; x_wconf 83' lang='lat' dir='ltr'><strong>eaque</strong></span> <span class='ocrx_word' id='word_1_38' title='bbox 1057 912 1133 995; x_wconf 87' lang='lat' dir='ltr'><strong>ipsa</strong></span> <span class='ocrx_word' id='word_1_39' title='bbox 1154 911 1296 976; x_wconf 86' lang='lat' dir='ltr'><strong>affinitas</strong></span> 
     </span>
     <span class='ocr_line' id='line_1_6' title="bbox 197 1010 1295 1095; baseline 0 -19"><span class='ocrx_word' id='word_1_40' title='bbox 197 1012 288 1084; x_wconf 86' lang='lat' dir='ltr'><strong>baud</strong></span> <span class='ocrx_word' id='word_1_41' title='bbox 312 1019 422 1093; x_wconf 86' lang='lat' dir='ltr'><strong>spreta</strong></span> <span class='ocrx_word' id='word_1_42' title='bbox 441 1013 580 1093; x_wconf 78' lang='lat' dir='ltr'><strong>gratiam</strong></span> <span class='ocrx_word' id='word_1_43' title='bbox 606 1011 713 1075; x_wconf 84' lang='lat' dir='ltr'><strong>Fabio</strong></span> <span class='ocrx_word' id='word_1_44' title='bbox 736 1010 779 1074; x_wconf 92' lang='lat' dir='ltr'><strong>ad</strong></span> <span class='ocrx_word' id='word_1_45' title='bbox 800 1011 935 1092; x_wconf 74' lang='lat' dir='ltr'><strong>uulgum</strong></span> <span class='ocrx_word' id='word_1_46' title='bbox 954 1013 1147 1095; x_wconf 75' lang='lat' dir='ltr'><strong>quaesierat.</strong></span> <span class='ocrx_word' id='word_1_47' title='bbox 1193 1013 1295 1076; x_wconf 84' lang='lat' dir='ltr'><strong>Forte</strong></span> 
     </span>
     <span class='ocr_line' id='line_1_7' title="bbox 197 1112 1357 1196; baseline 0.005 -20"><span class='ocrx_word' id='word_1_48' title='bbox 197 1114 245 1178; x_wconf 88' lang='lat' dir='ltr'><strong>ita</strong></span> <span class='ocrx_word' id='word_1_49' title='bbox 269 1113 398 1189; x_wconf 86' lang='lat' dir='ltr'><strong>incidit,</strong></span> <span class='ocrx_word' id='word_1_50' title='bbox 414 1117 461 1189; x_wconf 88' lang='lat' dir='ltr'><strong>ut,</strong></span> <span class='ocrx_word' id='word_1_51' title='bbox 477 1113 512 1174; x_wconf 95' lang='lat' dir='ltr'><strong>in</strong></span> <span class='ocrx_word' id='word_1_52' title='bbox 536 1113 607 1176; x_wconf 89' lang='lat' dir='ltr'><strong>Ser.</strong></span> <span class='ocrx_word' id='word_1_53' title='bbox 623 1113 765 1196; x_wconf 82' lang='lat' dir='ltr'><strong>Sulpicii</strong></span> <span class='ocrx_word' id='word_1_54' title='bbox 791 1113 915 1177; x_wconf 90' lang='lat' dir='ltr'><strong>tribuni</strong></span> <span class='ocrx_word' id='word_1_55' title='bbox 930 1112 1071 1177; x_wconf 89' lang='lat' dir='ltr'><strong>militum</strong></span> <span class='ocrx_word' id='word_1_56' title='bbox 1086 1113 1186 1177; x_wconf 91' lang='lat' dir='ltr'><strong>domo</strong></span> <span class='ocrx_word' id='word_1_57' title='bbox 1202 1134 1296 1178; x_wconf 93' lang='lat' dir='ltr'><strong>soro·</strong></span> <span class='ocrx_word' id='word_1_58' title='bbox 1349 1167 1357 1182; x_wconf 90' lang='lat'><strong>.</strong></span> 
     </span>
     <span class='ocr_line' id='line_1_8' title="bbox 197 1211 1296 1298; baseline 0.002 -20"><span class='ocrx_word' id='word_1_59' title='bbox 197 1232 251 1278; x_wconf 89' lang='lat' dir='ltr'><strong>res</strong></span> <span class='ocrx_word' id='word_1_60' title='bbox 276 1213 392 1279; x_wconf 81' lang='lat' dir='ltr'><strong>Fabiae</strong></span> <span class='ocrx_word' id='word_1_61' title='bbox 414 1231 489 1278; x_wconf 89' lang='lat' dir='ltr'><strong>oum</strong></span> <span class='ocrx_word' id='word_1_62' title='bbox 506 1213 597 1278; x_wconf 70' lang='lat' dir='ltr'><strong>,inter</strong></span> <span class='ocrx_word' id='word_1_63' title='bbox 619 1233 656 1276; x_wconf 88' lang='lat' dir='ltr'><strong>se</strong></span> <span class='ocrx_word' id='word_1_64' title='bbox 679 1216 731 1291; x_wconf 89' lang='lat' dir='ltr'><strong>(ut</strong></span> <span class='ocrx_word' id='word_1_65' title='bbox 751 1211 807 1296; x_wconf 88' lang='lat' dir='ltr'><strong>fit)</strong></span> <span class='ocrx_word' id='word_1_66' title='bbox 831 1215 1039 1278; x_wconf 79' lang='lat' dir='ltr'><strong>sermonibus</strong></span> <span class='ocrx_word' id='word_1_67' title='bbox 1060 1221 1193 1298; x_wconf 86' lang='lat' dir='ltr'><strong>tempus</strong></span> <span class='ocrx_word' id='word_1_68' title='bbox 1212 1222 1296 1280; x_wconf 90' lang='lat' dir='ltr'><strong>tere·</strong></span> 
     </span>
     <span class='ocr_line' id='line_1_9' title="bbox 196 1312 1294 1400; baseline 0.003 -23"><span class='ocrx_word' id='word_1_69' title='bbox 196 1321 279 1392; x_wconf 88' lang='lat' dir='ltr'><strong>rent,</strong></span> <span class='ocrx_word' id='word_1_70' title='bbox 300 1316 398 1380; x_wconf 85' lang='lat' dir='ltr'><strong>lictor</strong></span> <span class='ocrx_word' id='word_1_71' title='bbox 420 1312 575 1397; x_wconf 86' lang='lat' dir='ltr'><strong>Sulpicii,</strong></span> <span class='ocrx_word' id='word_1_72' title='bbox 596 1333 672 1378; x_wconf 89' lang='lat' dir='ltr'><strong>curn</strong></span> <span class='ocrx_word' id='word_1_73' title='bbox 696 1316 727 1378; x_wconf 93' lang='lat' dir='ltr'><strong>is</strong></span> <span class='ocrx_word' id='word_1_74' title='bbox 749 1314 792 1377; x_wconf 92' lang='lat' dir='ltr'><strong>de</strong></span> <span class='ocrx_word' id='word_1_75' title='bbox 814 1315 885 1400; x_wconf 89' lang='lat' dir='ltr'><strong>foro</strong></span> <span class='ocrx_word' id='word_1_76' title='bbox 908 1314 1100 1380; x_wconf 87' lang='lat' dir='ltr'><strong>sodomum</strong></span> <span class='ocrx_word' id='word_1_77' title='bbox 1122 1317 1294 1398; x_wconf 87' lang='lat' dir='ltr'><strong>reciperet,</strong></span> 
     </span>
     <span class='ocr_line' id='line_1_10' title="bbox 195 1399 1295 1498; baseline 0.004 -22"><span class='ocrx_word' id='word_1_78' title='bbox 195 1412 469 1490; x_wconf 85' lang='lat' dir='ltr'><strong>forem(nt1nos</strong></span> <span class='ocrx_word' id='word_1_79' title='bbox 492 1411 562 1496; x_wconf 87' lang='lat' dir='ltr'><strong>est)</strong></span> <span class='ocrx_word' id='word_1_80' title='bbox 580 1399 674 1498; x_wconf 63' lang='lat' dir='ltr'><strong>virg‘a</strong></span> <span class='ocrx_word' id='word_1_81' title='bbox 697 1421 914 1495; x_wconf 85' lang='lat' dir='ltr'><strong>percuteret.¹¹¹</strong></span> <span class='ocrx_word' id='word_1_82' title='bbox 957 1414 1043 1479; x_wconf 87' lang='lat' dir='ltr'><strong>Cum</strong></span> <span class='ocrx_word' id='word_1_83' title='bbox 1068 1415 1109 1479; x_wconf 81' lang='lat' dir='ltr'><strong>ed</strong></span> <span class='ocrx_word' id='word_1_84' title='bbox 1133 1415 1179 1489; x_wconf 93' lang='lat' dir='ltr'><strong>id,</strong></span> <span class='ocrx_word' id='word_1_85' title='bbox 1194 1417 1295 1480; x_wconf 85' lang='lat' dir='ltr'><strong>moris</strong></span> 
     </span>
     <span class='ocr_line' id='line_1_11' title="bbox 199 1499 1295 1598; baseline 0.004 -22"><span class='ocrx_word' id='word_1_86' title='bbox 199 1513 274 1597; x_wconf 84' lang='lat' dir='ltr'><strong>ejus</strong></span> <span class='ocrx_word' id='word_1_87' title='bbox 294 1515 437 1591; x_wconf 87' lang='lat' dir='ltr'><strong>insueta,</strong></span> <span class='ocrx_word' id='word_1_88' title='bbox 451 1499 648 1598; x_wconf 84' lang='lat' dir='ltr'><strong>expavisset</strong></span> <span class='ocrx_word' id='word_1_89' title='bbox 667 1515 774 1578; x_wconf 91' lang='lat' dir='ltr'><strong>minor</strong></span> <span class='ocrx_word' id='word_1_90' title='bbox 791 1515 911 1592; x_wconf 83' lang='lat' dir='ltr'><strong>Fabia,</strong></span> <span class='ocrx_word' id='word_1_91' title='bbox 924 1517 1007 1579; x_wconf 87' lang='lat' dir='ltr'><strong>risui</strong></span> <span class='ocrx_word' id='word_1_92' title='bbox 1022 1517 1129 1578; x_wconf 90' lang='lat' dir='ltr'><strong>sorori</strong></span> <span class='ocrx_word' id='word_1_93' title='bbox 1142 1516 1219 1593; x_wconf 87' lang='lat' dir='ltr'><strong>fnit,</strong></span> <span class='ocrx_word' id='word_1_94' title='bbox 1234 1518 1295 1580; x_wconf 87' lang='lat' dir='ltr'><strong>nri-</strong></span> 
     </span>
     <span class='ocr_line' id='line_1_12' title="bbox 196 1614 1296 1698; baseline 0.001 -19"><span class='ocrx_word' id='word_1_95' title='bbox 196 1615 284 1679; x_wconf 87' lang='lat' dir='ltr'><strong>ranti</strong></span> <span class='ocrx_word' id='word_1_96' title='bbox 305 1617 459 1696; x_wconf 84' lang='lat' dir='ltr'><strong>ignorare</strong></span> <span class='ocrx_word' id='word_1_97' title='bbox 473 1614 508 1678; x_wconf 95' lang='lat' dir='ltr'><strong>id</strong></span> <span class='ocrx_word' id='word_1_98' title='bbox 523 1633 680 1679; x_wconf 87' lang='lat' dir='ltr'><strong>sororem.</strong></span> <span class='ocrx_word' id='word_1_99' title='bbox 724 1615 881 1680; x_wconf 86' lang='lat' dir='ltr'><strong>Ceterum</strong></span> <span class='ocrx_word' id='word_1_100' title='bbox 894 1617 926 1680; x_wconf 84' lang='lat' dir='ltr'><strong>is</strong></span> <span class='ocrx_word' id='word_1_101' title='bbox 942 1618 1029 1680; x_wconf 86' lang='lat' dir='ltr'><strong>risus</strong></span> <span class='ocrx_word' id='word_1_102' title='bbox 1046 1616 1203 1681; x_wconf 88' lang='lat' dir='ltr'><strong>stimulos</strong></span> <span class='ocrx_word' id='word_1_103' title='bbox 1218 1635 1296 1698; x_wconf 88' lang='lat' dir='ltr'><strong>par-</strong></span> 
     </span>
     <span class='ocr_line' id='line_1_13' title="bbox 197 1715 1296 1802; baseline 0.002 -22"><span class='ocrx_word' id='word_1_104' title='bbox 197 1715 250 1780; x_wconf 80' lang='lat' dir='ltr'><strong>vis</strong></span> <span class='ocrx_word' id='word_1_105' title='bbox 272 1715 390 1779; x_wconf 87' lang='lat' dir='ltr'><strong>mobili</strong></span> <span class='ocrx_word' id='word_1_106' title='bbox 410 1717 507 1780; x_wconf 86' lang='lat' dir='ltr'><strong>rebus</strong></span> <span class='ocrx_word' id='word_1_107' title='bbox 529 1718 637 1780; x_wconf 88' lang='lat' dir='ltr'><strong>animo</strong></span> <span class='ocrx_word' id='word_1_108' title='bbox 651 1715 805 1780; x_wconf 86' lang='lat' dir='ltr'><strong>muliebri</strong></span> <span class='ocrx_word' id='word_1_109' title='bbox 821 1716 986 1781; x_wconf 79' lang='lat' dir='ltr'><strong>subdidit:</strong></span> <span class='ocrx_word' id='word_1_110' title='bbox 1011 1717 1200 1799; x_wconf 78' lang='lat' dir='ltr'><strong>frequentia</strong></span> <span class='ocrx_word' id='word_1_111' title='bbox 1213 1738 1296 1802; x_wconf 89' lang='lat' dir='ltr'><strong>qno·</strong></span> 
     </span>
     <span class='ocr_line' id='line_1_14' title="bbox 198 1816 1296 1903; baseline 0.002 -23"><span class='ocrx_word' id='word_1_112' title='bbox 198 1836 264 1900; x_wconf 89' lang='lat' dir='ltr'><strong>que</strong></span> <span class='ocrx_word' id='word_1_113' title='bbox 278 1817 551 1899; x_wconf 78' lang='lat' dir='ltr'><strong>prosequentium</strong></span> <span class='ocrx_word' id='word_1_114' title='bbox 567 1819 831 1902; x_wconf 78' lang='lat' dir='ltr'><strong>rogantiumque,</strong></span> <span class='ocrx_word' id='word_1_115' title='bbox 848 1827 944 1882; x_wconf 87' lang='lat' dir='ltr'><strong>‘num</strong></span> <span class='ocrx_word' id='word_1_116' title='bbox 959 1817 1040 1903; x_wconf 89' lang='lat' dir='ltr'><strong>quid</strong></span> <span class='ocrx_word' id='word_1_117' title='bbox 1055 1816 1181 1896; x_wconf 85' lang='lat' dir='ltr'><strong>vellet,&#39;</strong></span> <span class='ocrx_word' id='word_1_118' title='bbox 1196 1817 1296 1882; x_wconf 89' lang='lat' dir='ltr'><strong>credo</strong></span> 
     </span>
     <span class='ocr_line' id='line_1_15' title="bbox 197 1916 1296 2000; baseline 0 -20"><span class='ocrx_word' id='word_1_119' title='bbox 197 1917 398 1990; x_wconf 78' lang='lat' dir='ltr'><strong>fortunatum</strong></span> <span class='ocrx_word' id='word_1_120' title='bbox 419 1916 664 1981; x_wconf 82' lang='lat' dir='ltr'><strong>matrimonium</strong></span> <span class='ocrx_word' id='word_1_121' title='bbox 689 1918 720 1982; x_wconf 91' lang='lat' dir='ltr'><strong>ei</strong></span> <span class='ocrx_word' id='word_1_122' title='bbox 742 1919 868 1983; x_wconf 88' lang='lat' dir='ltr'><strong>sororis</strong></span> <span class='ocrx_word' id='word_1_123' title='bbox 892 1918 1020 1996; x_wconf 82' lang='lat' dir='ltr'><strong>visum3</strong></span> <span class='ocrx_word' id='word_1_124' title='bbox 1043 1917 1163 2000; x_wconf 87' lang='lat' dir='ltr'><strong>suique</strong></span> <span class='ocrx_word' id='word_1_125' title='bbox 1184 1919 1296 1999; x_wconf 84' lang='lat' dir='ltr'><strong>ipsam</strong></span> 
     </span>
     <span class='ocr_line' id='line_1_16' title="bbox 197 2017 1295 2103; baseline -0.002 -21"><span class='ocrx_word' id='word_1_126' title='bbox 197 2018 287 2082; x_wconf 86' lang='lat' dir='ltr'><strong>malo</strong></span> <span class='ocrx_word' id='word_1_127' title='bbox 309 2018 460 2097; x_wconf 86' lang='lat' dir='ltr'><strong>arbitrio,</strong></span> <span class='ocrx_word' id='word_1_128' title='bbox 475 2037 542 2102; x_wconf 90' lang='lat' dir='ltr'><strong>quo</strong></span> <span class='ocrx_word' id='word_1_129' title='bbox 558 2039 580 2083; x_wconf 85' lang='lat' dir='ltr'><strong>a</strong></span> <span class='ocrx_word' id='word_1_130' title='bbox 594 2020 758 2100; x_wconf 80' lang='lat' dir='ltr'><strong>proximis</strong></span> <span class='ocrx_word' id='word_1_131' title='bbox 774 2020 916 2103; x_wconf 87' lang='lat' dir='ltr'><strong>quisque</strong></span> <span class='ocrx_word' id='word_1_132' title='bbox 930 2019 1065 2082; x_wconf 90' lang='lat' dir='ltr'><strong>minime</strong></span> <span class='ocrx_word' id='word_1_133' title='bbox 1079 2019 1196 2082; x_wconf 78' lang='lat' dir='ltr'><strong>anteiri</strong></span> <span class='ocrx_word' id='word_1_134' title='bbox 1212 2017 1295 2094; x_wconf 88' lang='lat' dir='ltr'><strong>vult,</strong></span> 
     </span>
     <span class='ocr_line' id='line_1_17' title="bbox 197 2117 1296 2208; baseline 0.001 -27"><span class='ocrx_word' id='word_1_135' title='bbox 197 2119 423 2208; x_wconf 42' lang='lat' dir='ltr'><strong>poenituisses*</strong></span> <span class='ocrx_word' id='word_1_136' title='bbox 467 2117 652 2183; x_wconf 78' lang='lat' dir='ltr'><strong>Confusam</strong></span> <span class='ocrx_word' id='word_1_137' title='bbox 673 2139 746 2183; x_wconf 82' lang='lat' dir='ltr'><strong>com</strong></span> <span class='ocrx_word' id='word_1_138' title='bbox 769 2140 812 2184; x_wconf 84' lang='lat' dir='ltr'><strong>ex</strong></span> <span class='ocrx_word' id='word_1_139' title='bbox 835 2121 958 2184; x_wconf 88' lang='lat' dir='ltr'><strong>recenti</strong></span> <span class='ocrx_word' id='word_1_140' title='bbox 972 2138 1081 2183; x_wconf 88' lang='lat' dir='ltr'><strong>morso</strong></span> <span class='ocrx_word' id='word_1_141' title='bbox 1097 2120 1197 2182; x_wconf 91' lang='lat' dir='ltr'><strong>animi</strong></span> <span class='ocrx_word' id='word_1_142' title='bbox 1219 2137 1296 2182; x_wconf 90' lang='lat' dir='ltr'><strong>curn</strong></span> 
     </span>
     <span class='ocr_line' id='line_1_18' title="bbox 199 2217 1296 2302; baseline -0.005 -17"><span class='ocrx_word' id='word_1_143' title='bbox 199 2226 295 2302; x_wconf 84' lang='lat' dir='ltr'><strong>pater</strong></span> <span class='ocrx_word' id='word_1_144' title='bbox 316 2219 399 2283; x_wconf 83' lang='lat' dir='ltr'><strong>sorte</strong></span> <span class='ocrx_word' id='word_1_145' title='bbox 420 2220 574 2297; x_wconf 79' lang='lat' dir='ltr'><strong>uidisset,</strong></span> <span class='ocrx_word' id='word_1_146' title='bbox 594 2225 845 2302; x_wconf 75' lang='lat' dir='ltr'><strong>percunctatus,</strong></span> <span class='ocrx_word' id='word_1_147' title='bbox 860 2219 969 2283; x_wconf 87' lang='lat' dir='ltr'><strong>‘satin</strong></span> <span class='ocrx_word' id='word_1_148' title='bbox 988 2217 1127 2282; x_wconf 80' lang='lat' dir='ltr'><strong>salvael&#39;</strong></span> <span class='ocrx_word' id='word_1_149' title='bbox 1148 2223 1296 2282; x_wconf 84' lang='lat' dir='ltr'><strong>averten-</strong></span> 
     </span>
     <span class='ocr_line' id='line_1_19' title="bbox 198 2318 1296 2418; baseline -0.003 -34"><span class='ocrx_word' id='word_1_150' title='bbox 198 2325 266 2384; x_wconf 88' lang='lat' dir='ltr'><strong>tem</strong></span> <span class='ocrx_word' id='word_1_151' title='bbox 290 2339 428 2386; x_wconf 84' lang='lat' dir='ltr'><strong>causam</strong></span> <span class='ocrx_word' id='word_1_152' title='bbox 451 2321 595 2386; x_wconf 63' lang='lat' dir='ltr'><strong>doloris*</strong></span> <span class='ocrx_word' id='word_1_153' title='bbox 610 2320 754 2418; x_wconf 81' lang='lat' dir='ltr'><strong>(quippe</strong></span> <span class='ocrx_word' id='word_1_154' title='bbox 776 2340 837 2385; x_wconf 90' lang='lat' dir='ltr'><strong>nec</strong></span> <span class='ocrx_word' id='word_1_155' title='bbox 860 2321 945 2385; x_wconf 89' lang='lat' dir='ltr'><strong>satis</strong></span> <span class='ocrx_word' id='word_1_156' title='bbox 959 2320 1049 2404; x_wconf 87' lang='lat' dir='ltr'><strong>piam</strong></span> <span class='ocrx_word' id='word_1_157' title='bbox 1065 2318 1228 2383; x_wconf 84' lang='lat' dir='ltr'><strong>adversus</strong></span> <span class='ocrx_word' id='word_1_158' title='bbox 1242 2338 1296 2382; x_wconf 88' lang='lat' dir='ltr'><strong>so·</strong></span> 
     </span>
    </p>
   </div>
   <div class='ocr_carea' id='block_1_3' title="bbox 193 2513 1298 3013">
    <p class='ocr_par' dir='ltr' id='par_1_3' title="bbox 199 2513 1295 2692">
     <span class='ocr_line' id='line_1_20' title="bbox 231 2513 1295 2578; baseline 0 -16"><span class='ocrx_word' id='word_1_159' title='bbox 231 2521 245 2554; x_wconf 77' lang='lat'><em>¹</em></span> <span class='ocrx_word' id='word_1_160' title='bbox 264 2513 391 2564; x_wconf 73' lang='lat' dir='ltr'><strong>Gratim</strong></span> <span class='ocrx_word' id='word_1_161' title='bbox 405 2521 429 2564; x_wconf 86' lang='lat' dir='ltr'><strong>et</strong></span> <span class='ocrx_word' id='word_1_162' title='bbox 445 2515 510 2565; x_wconf 81' lang='lat' dir='ltr'><strong>inter</strong></span> <span class='ocrx_word' id='word_1_163' title='bbox 525 2517 589 2566; x_wconf 75' lang='lat' dir='ltr'><strong>uiros</strong></span> <span class='ocrx_word' id='word_1_164' title='bbox 606 2516 642 2564; x_wconf 82' lang='lat' dir='ltr'><strong>rui</strong></span> <span class='ocrx_word' id='word_1_165' title='bbox 658 2514 867 2578; x_wconf 70' lang='lat' dir='ltr'><strong>adobtponteb·</strong></span> <span class='ocrx_word' id='word_1_166' title='bbox 882 2515 1224 2577; x_wconf 64' lang='lat' dir='ltr'><strong>,diabrplebeiorqtroprrer</strong></span> <span class='ocrx_word' id='word_1_167' title='bbox 1239 2528 1295 2577; x_wconf 76' lang='lat' dir='ltr'><strong>prro-</strong></span> 
     </span>
     <span class='ocr_line' id='line_1_21' title="bbox 199 2575 1168 2692; baseline 0.002 -69"><span class='ocrx_word' id='word_1_168' title='bbox 199 2575 265 2624; x_wconf 72' lang='lat' dir='ltr'><strong>ntra</strong></span> <span class='ocrx_word' id='word_1_169' title='bbox 274 2581 336 2639; x_wconf 74' lang='lat' dir='ltr'><strong>opud</strong></span> <span class='ocrx_word' id='word_1_170' title='bbox 346 2594 384 2628; x_wconf 80' lang='lat' dir='ltr'><strong>eor</strong></span> <span class='ocrx_word' id='word_1_171' title='bbox 394 2578 532 2630; x_wconf 81' lang='lat' dir='ltr'><strong>eredebulur</strong></span> <span class='ocrx_word' id='word_1_172' title='bbox 542 2581 647 2630; x_wconf 69' lang='lat' dir='ltr'><strong>ordinem</strong></span> <span class='ocrx_word' id='word_1_173' title='bbox 656 2581 725 2629; x_wconf 71' lang='lat' dir='ltr'><strong>ttlun</strong></span> <span class='ocrx_word' id='word_1_174' title='bbox 743 2580 870 2692; x_wconf 51' lang='lat' dir='ltr'><strong>meumst</strong></span> <span class='ocrx_word' id='word_1_175' title='bbox 898 2579 1033 2641; x_wconf 66' lang='grc' dir='ltr'>παίήωι</span> <span class='ocrx_word' id='word_1_176' title='bbox 1042 2579 1168 2640; x_wconf 70' lang='grc' dir='ltr'><strong>ἀειρίιεη.</strong></span> 
     </span>
    </p>

    <p class='ocr_par' dir='ltr' id='par_1_4' title="bbox 193 2637 1298 3013">
     <span class='ocr_line' id='line_1_22' title="bbox 232 2637 1298 2706; baseline -0.004 -14"><span class='ocrx_word' id='word_1_177' title='bbox 232 2637 245 2671; x_wconf 65' lang='lat'>³</span> <span class='ocrx_word' id='word_1_178' title='bbox 261 2641 376 2692; x_wconf 70' lang='lat' dir='ltr'><strong>Anterum</strong></span> <span class='ocrx_word' id='word_1_179' title='bbox 384 2643 531 2701; x_wconf 76' lang='lat' dir='ltr'><strong>soemt&#39;neura,</strong></span> <span class='ocrx_word' id='word_1_180' title='bbox 550 2645 591 2706; x_wconf 77' lang='lat' dir='ltr'><strong>qui</strong></span> <span class='ocrx_word' id='word_1_181' title='bbox 608 2645 703 2704; x_wconf 71' lang='lat' dir='ltr'><strong>exiguis</strong></span> <span class='ocrx_word' id='word_1_182' title='bbox 719 2658 744 2692; x_wconf 84' lang='lat' dir='ltr'><strong>re</strong></span> <span class='ocrx_word' id='word_1_183' title='bbox 797 2643 875 2702; x_wconf 75' lang='lat' dir='ltr'><strong>sarilo</strong></span> <span class='ocrx_word' id='word_1_184' title='bbox 884 2649 989 2692; x_wconf 67' lang='lat' dir='ltr'><strong>mundar</strong></span> <span class='ocrx_word' id='word_1_185' title='bbox 998 2650 1069 2706; x_wconf 78' lang='lat' dir='ltr'><strong>utque</strong></span> <span class='ocrx_word' id='word_1_186' title='bbox 1078 2643 1215 2704; x_wconf 59' lang='lat' dir='ltr'><strong>reputer,</strong></span> <span class='ocrx_word' id='word_1_187' title='bbox 1230 2641 1298 2688; x_wconf 71' lang='lat' dir='ltr'><strong>urle·</strong></span> 
     </span>
     <span class='ocr_line' id='line_1_23' title="bbox 197 2705 1297 2772; baseline -0.002 -18"><span class='ocrx_word' id='word_1_188' title='bbox 197 2705 272 2754; x_wconf 72' lang='lat' dir='ltr'><strong>uenti</strong></span> <span class='ocrx_word' id='word_1_189' title='bbox 289 2705 427 2756; x_wconf 68' lang='lat' dir='ltr'><strong>auerrione</strong></span> <span class='ocrx_word' id='word_1_190' title='bbox 446 2707 612 2771; x_wconf 75' lang='lat' dir='ltr'><strong>iustummuoit.</strong></span> <span class='ocrx_word' id='word_1_191' title='bbox 645 2707 843 2772; x_wconf 54' lang='lat' dir='ltr'><strong>&amp;panaetium</strong></span> <span class='ocrx_word' id='word_1_192' title='bbox 858 2707 993 2768; x_wconf 54' lang='lat' dir='ltr'><strong>comeciam</strong></span> <span class='ocrx_word' id='word_1_193' title='bbox 1006 2707 1256 2764; x_wconf 80' lang='lat' dir='ltr'><strong>morirsortrraatrrat</strong></span> <span class='ocrx_word' id='word_1_194' title='bbox 1273 2705 1297 2752; x_wconf 82' lang='lat' dir='ltr'><strong>ei</strong></span> 
     </span>
     <span class='ocr_line' id='line_1_24' title="bbox 198 2767 1297 2834; baseline -0.003 -16"><span class='ocrx_word' id='word_1_195' title='bbox 198 2768 274 2818; x_wconf 60' lang='lat' dir='ltr'><strong>want</strong></span> <span class='ocrx_word' id='word_1_196' title='bbox 290 2769 318 2818; x_wconf 79' lang='lat' dir='ltr'><strong>ot</strong></span> <span class='ocrx_word' id='word_1_197' title='bbox 335 2771 507 2820; x_wconf 66' lang='lat' dir='ltr'><strong>abundum</strong></span> <span class='ocrx_word' id='word_1_198' title='bbox 520 2785 598 2820; x_wconf 79' lang='lat' dir='ltr'><strong>eorum</strong></span> <span class='ocrx_word' id='word_1_199' title='bbox 614 2771 782 2833; x_wconf 76' lang='lat' dir='ltr'><strong>quintariturrr</strong></span> <span class='ocrx_word' id='word_1_200' title='bbox 796 2771 958 2834; x_wconf 57' lang='lat' dir='ltr'><strong>praumato,</strong></span> <span class='ocrx_word' id='word_1_201' title='bbox 975 2775 997 2818; x_wconf 79' lang='lat' dir='ltr'><strong>et</strong></span> <span class='ocrx_word' id='word_1_202' title='bbox 1009 2770 1143 2832; x_wconf 70' lang='lat' dir='ltr'><strong>querebant</strong></span> <span class='ocrx_word' id='word_1_203' title='bbox 1158 2784 1190 2816; x_wconf 79' lang='lat' dir='ltr'><strong>ua</strong></span> <span class='ocrx_word' id='word_1_204' title='bbox 1205 2767 1297 2830; x_wconf 62' lang='lat' dir='ltr'><strong>aequm</strong></span> 
     </span>
     <span class='ocr_line' id='line_1_25' title="bbox 193 2829 1297 2910; baseline -0.001 -29"><span class='ocrx_word' id='word_1_205' title='bbox 193 2829 305 2890; x_wconf 72' lang='lat' dir='ltr'><strong>jatmr:</strong></span> <span class='ocrx_word' id='word_1_206' title='bbox 321 2833 417 2897; x_wconf 69' lang='lat' dir='ltr'><strong>Meroua</strong></span> <span class='ocrx_word' id='word_1_207' title='bbox 424 2850 477 2910; x_wconf 58' lang='lat' dir='ltr'><strong>gera</strong></span> <span class='ocrx_word' id='word_1_208' title='bbox 487 2837 620 2910; x_wconf 55' lang='lat' dir='ltr'><strong>deptqmrf</strong></span> <span class='ocrx_word' id='word_1_209' title='bbox 629 2841 716 2910; x_wconf 58' lang='lat' dir='ltr'><strong>portem</strong></span> <span class='ocrx_word' id='word_1_210' title='bbox 726 2850 803 2910; x_wconf 57' lang='lat' dir='ltr'><strong>fuum,</strong></span> <span class='ocrx_word' id='word_1_211' title='bbox 814 2849 924 2898; x_wconf 75' lang='lat' dir='ltr'><strong>perum</strong></span> <span class='ocrx_word' id='word_1_212' title='bbox 936 2834 978 2884; x_wconf 82' lang='lat' dir='ltr'><strong>illu</strong></span> <span class='ocrx_word' id='word_1_213' title='bbox 988 2835 1165 2898; x_wconf 66' lang='lat' dir='ltr'><strong>curararum</strong></span> <span class='ocrx_word' id='word_1_214' title='bbox 1174 2831 1297 2895; x_wconf 61' lang='lat' dir='ltr'><strong>samn-</strong></span> 
     </span>
     <span class='ocr_line' id='line_1_26' title="bbox 199 2904 784 3013; baseline 0.009 -6"><span class='ocrx_word' id='word_1_215' title='bbox 199 2909 244 2990; x_wconf 58' lang='grc' dir='ltr'><strong>’Ἴ</strong></span> <span class='ocrx_word' id='word_1_216' title='bbox 253 2904 784 3013; x_wconf 58' lang='lat' dir='ltr'><strong>tttzttttttt‘tttt‘tttl&#39;·</strong></span> 
     </span>
    </p>
   </div>
   <div class='ocr_carea' id='block_1_4' title="bbox 608 3126 802 3194">
    <p class='ocr_par' dir='ltr' id='par_1_5' title="bbox 608 3126 802 3194">
     <span class='ocr_line' id='line_1_27' title="bbox 608 3126 802 3194; baseline 0 -18"><span class='ocrx_word' id='word_1_217' title='bbox 608 3189 610 3194; x_wconf 23' lang='lat'><strong>¹</strong></span> <span class='ocrx_word' id='word_1_218' title='bbox 694 3126 802 3176; x_wconf 72' lang='lat' dir='ltr'><strong>norm</strong></span> 
     </span>
    </p>
   </div>
   <div class='ocr_carea' id='block_1_5' title="bbox 199 3232 1299 4341">
    <p class='ocr_par' dir='ltr' id='par_1_6' title="bbox 199 3232 1299 4283">
     <span class='ocr_line' id='line_1_28' title="bbox 202 3232 1296 3301; baseline 0.001 -19"><span class='ocrx_word' id='word_1_219' title='bbox 202 3232 228 3282; x_wconf 87' lang='lat' dir='ltr'><strong>iu</strong></span> <span class='ocrx_word' id='word_1_220' title='bbox 237 3233 340 3283; x_wconf 81' lang='lat' dir='ltr'><strong>naribus</strong></span> <span class='ocrx_word' id='word_1_221' title='bbox 353 3241 436 3284; x_wconf 75' lang='lat' dir='ltr'><strong>turtur</strong></span> <span class='ocrx_word' id='word_1_222' title='bbox 445 3236 545 3286; x_wconf 79' lang='lat' dir='ltr'><strong>luisset.</strong></span> <span class='ocrx_word' id='word_1_223' title='bbox 799 3246 817 3271; x_wconf 79' lang='lat'><strong>¹¹</strong></span> <span class='ocrx_word' id='word_1_224' title='bbox 835 3237 921 3286; x_wconf 71' lang='lat' dir='ltr'><strong>Fertur</strong></span> <span class='ocrx_word' id='word_1_225' title='bbox 931 3235 1030 3301; x_wconf 78' lang='lat' dir='ltr'><strong>(utrm</strong></span> <span class='ocrx_word' id='word_1_226' title='bbox 1044 3233 1093 3299; x_wconf 80' lang='lat' dir='ltr'><strong>ert)</strong></span> <span class='ocrx_word' id='word_1_227' title='bbox 1111 3234 1180 3296; x_wconf 71' lang='lat' dir='ltr'><strong>uirgo</strong></span> <span class='ocrx_word' id='word_1_228' title='bbox 1189 3239 1296 3297; x_wconf 73' lang='lat' dir='ltr'><strong>pereute-</strong></span> 
     </span>
     <span class='ocr_line' id='line_1_29' title="bbox 204 3309 1296 3376; baseline 0.003 -20"><span class='ocrx_word' id='word_1_229' title='bbox 204 3346 208 3356; x_wconf 92' lang='lat'><em>.</em></span> <span class='ocrx_word' id='word_1_230' title='bbox 234 3309 350 3360; x_wconf 78' lang='lat' dir='ltr'><strong>¹Liciato</strong></span> <span class='ocrx_word' id='word_1_231' title='bbox 359 3310 465 3376; x_wconf 75' lang='lat' dir='ltr'><strong>Stoboi]</strong></span> <span class='ocrx_word' id='word_1_232' title='bbox 484 3312 727 3362; x_wconf 79' lang='lat' dir='ltr'><strong>Inutilemexradi·</strong></span> <span class='ocrx_word' id='word_1_233' title='bbox 766 3311 817 3372; x_wconf 86' lang='lat' dir='ltr'><strong>ret]</strong></span> <span class='ocrx_word' id='word_1_234' title='bbox 833 3312 955 3371; x_wconf 70' lang='lat' dir='ltr'><strong>cunule,</strong></span> <span class='ocrx_word' id='word_1_235' title='bbox 965 3311 1048 3358; x_wconf 82' lang='lat' dir='ltr'><strong>altore</strong></span> <span class='ocrx_word' id='word_1_236' title='bbox 1059 3309 1150 3373; x_wconf 79' lang='lat' dir='ltr'><strong>majori</strong></span> <span class='ocrx_word' id='word_1_237' title='bbox 1162 3309 1296 3372; x_wconf 73' lang='lat' dir='ltr'><strong>magistra·</strong></span> 
     </span>
     <span class='ocr_line' id='line_1_30' title="bbox 204 3383 1296 3450; baseline -0.001 -16"><span class='ocrx_word' id='word_1_238' title='bbox 204 3385 276 3435; x_wconf 79' lang='lat' dir='ltr'><strong>cibus</strong></span> <span class='ocrx_word' id='word_1_239' title='bbox 295 3387 413 3436; x_wconf 84' lang='lat' dir='ltr'><strong>arborum</strong></span> <span class='ocrx_word' id='word_1_240' title='bbox 433 3385 623 3438; x_wconf 78' lang='lat' dir='ltr'><strong>fruticetionarn</strong></span> <span class='ocrx_word' id='word_1_241' title='bbox 643 3389 728 3439; x_wconf 81' lang='lat' dir='ltr'><strong>Latini</strong></span> <span class='ocrx_word' id='word_1_242' title='bbox 769 3393 797 3436; x_wconf 85' lang='lat' dir='ltr'><strong>tu</strong></span> <span class='ocrx_word' id='word_1_243' title='bbox 813 3387 882 3435; x_wconf 66' lang='lat' dir='ltr'><strong>edes</strong></span> <span class='ocrx_word' id='word_1_244' title='bbox 893 3386 992 3450; x_wconf 82' lang='lat' dir='ltr'><strong>aliquas</strong></span> <span class='ocrx_word' id='word_1_245' title='bbox 1002 3385 1161 3448; x_wconf 79' lang='lat' dir='ltr'><strong>ingressuro,</strong></span> <span class='ocrx_word' id='word_1_246' title='bbox 1172 3385 1246 3446; x_wconf 72' lang='lat' dir='ltr'><strong>virga</strong></span> <span class='ocrx_word' id='word_1_247' title='bbox 1257 3383 1296 3433; x_wconf 82' lang='lat' dir='ltr'><strong>io-</strong></span> 
     </span>
     <span class='ocr_line' id='line_1_31' title="bbox 202 3459 1296 3526; baseline -0.001 -17"><span class='ocrx_word' id='word_1_248' title='bbox 202 3460 327 3510; x_wconf 84' lang='lat' dir='ltr'><strong>stolonern</strong></span> <span class='ocrx_word' id='word_1_249' title='bbox 343 3465 490 3526; x_wconf 79' lang='lat' dir='ltr'><strong>appellunt:</strong></span> <span class='ocrx_word' id='word_1_250' title='bbox 517 3465 576 3512; x_wconf 86' lang='lat' dir='ltr'><strong>iude</strong></span> <span class='ocrx_word' id='word_1_251' title='bbox 595 3465 728 3514; x_wconf 79' lang='lat' dir='ltr'><strong>stolonum</strong></span> <span class='ocrx_word' id='word_1_252' title='bbox 769 3459 1296 3524; x_wconf 78' lang='lat' dir='ltr'><strong>rer&#39;allctorepercutiebantur,uroueudl</strong></span> 
     </span>
     <span class='ocr_line' id='line_1_32' title="bbox 200 3535 1299 3603; baseline -0.001 -18"><span class='ocrx_word' id='word_1_253' title='bbox 200 3549 341 3598; x_wconf 72' lang='lat' dir='ltr'><strong>eognonrerr</strong></span> <span class='ocrx_word' id='word_1_254' title='bbox 358 3539 385 3586; x_wconf 88' lang='lat' dir='ltr'><strong>in</strong></span> <span class='ocrx_word' id='word_1_255' title='bbox 402 3539 557 3588; x_wconf 78' lang='lat' dir='ltr'><strong>ntctntornm</strong></span> <span class='ocrx_word' id='word_1_256' title='bbox 577 3549 680 3603; x_wconf 73' lang='lat' dir='ltr'><strong>gentem</strong></span> <span class='ocrx_word' id='word_1_257' title='bbox 692 3542 729 3589; x_wconf 79' lang='lat' dir='ltr'><strong>ln·</strong></span> <span class='ocrx_word' id='word_1_258' title='bbox 768 3551 863 3598; x_wconf 76' lang='lat' dir='ltr'><strong>oaura3</strong></span> <span class='ocrx_word' id='word_1_259' title='bbox 880 3537 929 3586; x_wconf 85' lang='lat' dir='ltr'><strong>uisi</strong></span> <span class='ocrx_word' id='word_1_260' title='bbox 948 3537 1002 3600; x_wconf 76' lang='lat' dir='ltr'><strong>ejus</strong></span> <span class='ocrx_word' id='word_1_261' title='bbox 1019 3545 1090 3586; x_wconf 79' lang='lat' dir='ltr'><strong>erret</strong></span> <span class='ocrx_word' id='word_1_262' title='bbox 1106 3536 1185 3599; x_wconf 66' lang='lat' dir='ltr'><strong>edes,</strong></span> <span class='ocrx_word' id='word_1_263' title='bbox 1198 3536 1239 3586; x_wconf 89' lang='lat' dir='ltr'><strong>cui</strong></span> <span class='ocrx_word' id='word_1_264' title='bbox 1250 3535 1299 3584; x_wconf 57' lang='lat' dir='ltr'><strong>de:</strong></span> 
     </span>
     <span class='ocr_line' id='line_1_33' title="bbox 201 3611 1296 3680; baseline 0.003 -23"><span class='ocrx_word' id='word_1_265' title='bbox 201 3619 316 3668; x_wconf 80' lang='lat' dir='ltr'><strong>rectum.</strong></span> <span class='ocrx_word' id='word_1_266' title='bbox 339 3612 407 3675; x_wconf 77' lang='lat' dir='ltr'><strong>quod</strong></span> <span class='ocrx_word' id='word_1_267' title='bbox 430 3615 471 3663; x_wconf 86' lang='lat' dir='ltr'><strong>bic</strong></span> <span class='ocrx_word' id='word_1_268' title='bbox 493 3615 604 3664; x_wconf 78' lang='lat' dir='ltr'><strong>Licinius</strong></span> <span class='ocrx_word' id='word_1_269' title='bbox 622 3623 729 3680; x_wconf 80' lang='lat' dir='ltr'><strong>propter</strong></span> <span class='ocrx_word' id='word_1_270' title='bbox 766 3611 890 3662; x_wconf 79' lang='lat' dir='ltr'><strong>ferendus</strong></span> <span class='ocrx_word' id='word_1_271' title='bbox 910 3613 941 3662; x_wconf 82' lang='lat' dir='ltr'><strong>ab</strong></span> <span class='ocrx_word' id='word_1_272' title='bbox 957 3613 1014 3676; x_wconf 84' lang='lat' dir='ltr'><strong>ipso</strong></span> <span class='ocrx_word' id='word_1_273' title='bbox 1032 3613 1296 3674; x_wconf 65' lang='lat' dir='ltr'><strong>magistratnridero·</strong></span> 
     </span>
     <span class='ocr_line' id='line_1_34' title="bbox 201 3685 1296 3756; baseline -0.001 -21"><span class='ocrx_word' id='word_1_274' title='bbox 201 3685 360 3749; x_wconf 69' lang='lat' dir='ltr'><strong>diligentiam</strong></span> <span class='ocrx_word' id='word_1_275' title='bbox 372 3691 479 3740; x_wconf 77' lang='lat' dir='ltr'><strong>crrltnrae</strong></span> <span class='ocrx_word' id='word_1_276' title='bbox 489 3690 727 3756; x_wconf 62' lang='lat' dir='ltr'><strong>confirmavitque·</strong></span> <span class='ocrx_word' id='word_1_277' title='bbox 767 3694 811 3738; x_wconf 89' lang='lat' dir='ltr'><strong>tur</strong></span> <span class='ocrx_word' id='word_1_278' title='bbox 827 3689 917 3738; x_wconf 87' lang='lat' dir='ltr'><strong>bonor.</strong></span> <span class='ocrx_word' id='word_1_279' title='bbox 950 3688 1141 3739; x_wconf 73' lang='lat' dir='ltr'><strong>Quadorum·</strong></span> <span class='ocrx_word' id='word_1_280' title='bbox 1157 3687 1204 3735; x_wconf 75' lang='lat' dir='ltr'><strong>(ln.</strong></span> <span class='ocrx_word' id='word_1_281' title='bbox 1219 3687 1296 3736; x_wconf 84' lang='lat' dir='ltr'><strong>Porn-</strong></span> 
     </span>
     <span class='ocr_line' id='line_1_35' title="bbox 199 3759 1296 3831; baseline -0.003 -21"><span class='ocrx_word' id='word_1_282' title='bbox 199 3763 267 3811; x_wconf 86' lang='lat' dir='ltr'><strong>ninnr</strong></span> <span class='ocrx_word' id='word_1_283' title='bbox 280 3766 363 3813; x_wconf 84' lang='lat' dir='ltr'><strong>nullus</strong></span> <span class='ocrx_word' id='word_1_284' title='bbox 375 3765 400 3814; x_wconf 89' lang='lat' dir='ltr'><strong>in</strong></span> <span class='ocrx_word' id='word_1_285' title='bbox 412 3767 467 3829; x_wconf 84' lang='lat' dir='ltr'><strong>ejus</strong></span> <span class='ocrx_word' id='word_1_286' title='bbox 476 3765 556 3816; x_wconf 76' lang='lat' dir='ltr'><strong>{undo</strong></span> <span class='ocrx_word' id='word_1_287' title='bbox 564 3769 670 3831; x_wconf 84' lang='lat' dir='ltr'><strong>reperiri</strong></span> <span class='ocrx_word' id='word_1_288' title='bbox 683 3783 727 3831; x_wconf 90' lang='lat' dir='ltr'><strong>po·</strong></span> <span class='ocrx_word' id='word_1_289' title='bbox 767 3764 852 3827; x_wconf 82' lang='lat' dir='ltr'><strong>peior,</strong></span> <span class='ocrx_word' id='word_1_290' title='bbox 873 3762 994 3814; x_wconf 80' lang='lat' dir='ltr'><strong>confecto</strong></span> <span class='ocrx_word' id='word_1_291' title='bbox 1012 3762 1193 3812; x_wconf 83' lang='lat' dir='ltr'><strong>Mithridatico</strong></span> <span class='ocrx_word' id='word_1_292' title='bbox 1216 3759 1296 3822; x_wconf 83' lang='lat' dir='ltr'><strong>bello,</strong></span> 
     </span>
     <span class='ocr_line' id='line_1_36' title="bbox 202 3833 1296 3905; baseline -0.002 -19"><span class='ocrx_word' id='word_1_293' title='bbox 202 3845 270 3888; x_wconf 74' lang='lat' dir='ltr'><strong>terat</strong></span> <span class='ocrx_word' id='word_1_294' title='bbox 287 3841 363 3896; x_wconf 84' lang='lat' dir='ltr'><strong>stolo,</strong></span> <span class='ocrx_word' id='word_1_295' title='bbox 379 3841 448 3905; x_wconf 85' lang='lat' dir='ltr'><strong>quud</strong></span> <span class='ocrx_word' id='word_1_296' title='bbox 469 3857 512 3892; x_wconf 84' lang='lat' dir='ltr'><strong>eos</strong></span> <span class='ocrx_word' id='word_1_297' title='bbox 530 3843 619 3892; x_wconf 84' lang='lat' dir='ltr'><strong>sedulo</strong></span> <span class='ocrx_word' id='word_1_298' title='bbox 630 3843 726 3894; x_wconf 76' lang='lat' dir='ltr'><strong>circum</strong></span> <span class='ocrx_word' id='word_1_299' title='bbox 767 3833 1296 3901; x_wconf 74' lang='lat' dir='ltr'><strong>intratururl’osidoniisapientiaproter·</strong></span> 
     </span>
     <span class='ocr_line' id='line_1_37' title="bbox 200 3912 1295 3980; baseline 0 -19"><span class='ocrx_word' id='word_1_300' title='bbox 200 3913 305 3963; x_wconf 79' lang='lat' dir='ltr'><strong>arbmar</strong></span> <span class='ocrx_word' id='word_1_301' title='bbox 324 3913 461 3980; x_wconf 78' lang='lat' dir='ltr'><strong>effoderet,</strong></span> <span class='ocrx_word' id='word_1_302' title='bbox 479 3924 584 3967; x_wconf 82' lang='lat' dir='ltr'><strong>auctore</strong></span> <span class='ocrx_word' id='word_1_303' title='bbox 600 3919 676 3968; x_wconf 80' lang='lat' dir='ltr'><strong>Vrrr.</strong></span> <span class='ocrx_word' id='word_1_304' title='bbox 687 3932 727 3968; x_wconf 79' lang='grc' dir='ltr'><strong>ιν.</strong></span> <span class='ocrx_word' id='word_1_305' title='bbox 768 3916 832 3966; x_wconf 80' lang='lat' dir='ltr'><strong>roris</strong></span> <span class='ocrx_word' id='word_1_306' title='bbox 849 3914 963 3977; x_wconf 84' lang='lat' dir='ltr'><strong>domum,</strong></span> <span class='ocrx_word' id='word_1_307' title='bbox 979 3913 1064 3963; x_wconf 85' lang='lat' dir='ltr'><strong>‘t&#39;ores</strong></span> <span class='ocrx_word' id='word_1_308' title='bbox 1082 3912 1185 3976; x_wconf 79' lang='lat' dir='ltr'><strong>percuti</strong></span> <span class='ocrx_word' id='word_1_309' title='bbox 1197 3913 1230 3960; x_wconf 79' lang='lat' dir='ltr'><strong>da</strong></span> <span class='ocrx_word' id='word_1_310' title='bbox 1241 3925 1295 3961; x_wconf 87' lang='lat' dir='ltr'><strong>rno-</strong></span> 
     </span>
     <span class='ocr_line' id='line_1_38' title="bbox 201 3986 1295 4057; baseline -0.002 -20"><span class='ocrx_word' id='word_1_311' title='bbox 201 3989 234 4037; x_wconf 81' lang='lat' dir='ltr'><strong>de</strong></span> <span class='ocrx_word' id='word_1_312' title='bbox 251 3990 289 4038; x_wconf 85' lang='lat' dir='ltr'><strong>Re</strong></span> <span class='ocrx_word' id='word_1_313' title='bbox 309 3990 382 4040; x_wconf 79' lang='lat' dir='ltr'><strong>Rutt.</strong></span> <span class='ocrx_word' id='word_1_314' title='bbox 401 3989 470 4040; x_wconf 85' lang='lat' dir='ltr'><strong>Plin.</strong></span> <span class='ocrx_word' id='word_1_315' title='bbox 489 3993 614 4041; x_wconf 67' lang='lat' dir='ltr'><strong>librxvrr.</strong></span> <span class='ocrx_word' id='word_1_316' title='bbox 633 3997 728 4057; x_wconf 59' lang='lat' dir='ltr'><strong>capael.</strong></span> <span class='ocrx_word' id='word_1_317' title='bbox 769 3997 797 4038; x_wconf 81' lang='lat' dir='ltr'><strong>re</strong></span> <span class='ocrx_word' id='word_1_318' title='bbox 809 3989 1029 4049; x_wconf 79' lang='lat' dir='ltr'><strong>alletoreretuit3</strong></span> <span class='ocrx_word' id='word_1_319' title='bbox 1045 3995 1074 4036; x_wconf 88' lang='lat' dir='ltr'><strong>et</strong></span> <span class='ocrx_word' id='word_1_320' title='bbox 1085 3986 1168 4036; x_wconf 74' lang='lat' dir='ltr'><strong>teucer</strong></span> <span class='ocrx_word' id='word_1_321' title='bbox 1179 3987 1295 4036; x_wconf 80' lang='lat' dir='ltr'><strong>lictorius</strong></span> 
     </span>
     <span class='ocr_line' id='line_1_39' title="bbox 200 4063 1294 4130; baseline -0.001 -17"><span class='ocrx_word' id='word_1_322' title='bbox 200 4064 293 4113; x_wconf 73' lang='lat' dir='ltr'><strong>Stolm</strong></span> <span class='ocrx_word' id='word_1_323' title='bbox 302 4065 338 4112; x_wconf 80' lang='lat' dir='ltr'><strong>rit</strong></span> <span class='ocrx_word' id='word_1_324' title='bbox 350 4079 441 4116; x_wconf 87' lang='lat' dir='ltr'><strong>nomeu</strong></span> <span class='ocrx_word' id='word_1_325' title='bbox 451 4066 541 4116; x_wconf 80' lang='lat' dir='ltr'><strong>datum</strong></span> <span class='ocrx_word' id='word_1_326' title='bbox 552 4066 587 4116; x_wconf 90' lang='lat' dir='ltr'><strong>ob</strong></span> <span class='ocrx_word' id='word_1_327' title='bbox 596 4069 728 4130; x_wconf 79' lang='lat' dir='ltr'><strong>pampina-</strong></span> <span class='ocrx_word' id='word_1_328' title='bbox 763 4067 852 4129; x_wconf 70' lang='lat' dir='ltr'><strong>jaune</strong></span> <span class='ocrx_word' id='word_1_329' title='bbox 865 4064 992 4114; x_wconf 76' lang='lat' dir='ltr'><strong>summisit</strong></span> <span class='ocrx_word' id='word_1_330' title='bbox 1003 4065 1035 4125; x_wconf 85' lang='lat' dir='ltr'><strong>is,</strong></span> <span class='ocrx_word' id='word_1_331' title='bbox 1046 4064 1086 4113; x_wconf 92' lang='lat' dir='ltr'><strong>cui</strong></span> <span class='ocrx_word' id='word_1_332' title='bbox 1098 4079 1126 4113; x_wconf 80' lang='lat' dir='ltr'><strong>rr</strong></span> <span class='ocrx_word' id='word_1_333' title='bbox 1138 4064 1232 4114; x_wconf 78' lang='lat' dir='ltr'><strong>Oriens</strong></span> <span class='ocrx_word' id='word_1_334' title='bbox 1241 4063 1294 4113; x_wconf 89' lang='lat' dir='ltr'><strong>Oc·</strong></span> 
     </span>
     <span class='ocr_line' id='line_1_40' title="bbox 199 4137 1295 4204; baseline 0.001 -17"><span class='ocrx_word' id='word_1_335' title='bbox 199 4138 293 4188; x_wconf 83' lang='lat' dir='ltr'><strong>tionem</strong></span> <span class='ocrx_word' id='word_1_336' title='bbox 306 4142 445 4191; x_wconf 77' lang='lat' dir='ltr'><strong>inventam.</strong></span> <span class='ocrx_word' id='word_1_337' title='bbox 461 4141 551 4192; x_wconf 82' lang='lat' dir='ltr'><strong>Licinii</strong></span> <span class='ocrx_word' id='word_1_338' title='bbox 563 4157 727 4192; x_wconf 80' lang='lat' dir='ltr'><strong>raronoman</strong></span> <span class='ocrx_word' id='word_1_339' title='bbox 767 4139 910 4202; x_wconf 75' lang='lat' dir='ltr'><strong>ridensque</strong></span> <span class='ocrx_word' id='word_1_340' title='bbox 927 4137 1108 4203; x_wconf 50' lang='lat' dir='ltr'><strong>commiserat:</strong></span> <span class='ocrx_word' id='word_1_341' title='bbox 1125 4139 1207 4204; x_wconf 88' lang='lat' dir='ltr'><strong>iuquit</strong></span> <span class='ocrx_word' id='word_1_342' title='bbox 1224 4139 1295 4188; x_wconf 85' lang='lat' dir='ltr'><strong>Plio.</strong></span> 
     </span>
     <span class='ocr_line' id='line_1_41' title="bbox 200 4213 934 4283; baseline 0.005 -24"><span class='ocrx_word' id='word_1_343' title='bbox 200 4213 231 4260; x_wconf 83' lang='lat' dir='ltr'><strong>iis</strong></span> <span class='ocrx_word' id='word_1_344' title='bbox 240 4215 396 4275; x_wconf 70' lang='lat' dir='ltr'><strong>generaliter</strong></span> <span class='ocrx_word' id='word_1_345' title='bbox 403 4216 511 4268; x_wconf 85' lang='lat' dir='ltr'><strong>luditum</strong></span> <span class='ocrx_word' id='word_1_346' title='bbox 520 4218 562 4283; x_wconf 87' lang='lat' dir='ltr'><strong>qni</strong></span> <span class='ocrx_word' id='word_1_347' title='bbox 572 4219 658 4283; x_wconf 79' lang='lat' dir='ltr'><strong>parvis</strong></span> <span class='ocrx_word' id='word_1_348' title='bbox 666 4231 726 4269; x_wconf 87' lang='lat' dir='ltr'><strong>ocu·</strong></span> <span class='ocrx_word' id='word_1_349' title='bbox 766 4219 784 4268; x_wconf 84' lang='lat' dir='ltr'><strong>l.</strong></span> <span class='ocrx_word' id='word_1_350' title='bbox 796 4227 848 4266; x_wconf 71' lang='lat' dir='ltr'><strong>vn·</strong></span> <span class='ocrx_word' id='word_1_351' title='bbox 858 4230 882 4266; x_wconf 87' lang='lat' dir='ltr'><strong>c.</strong></span> <span class='ocrx_word' id='word_1_352' title='bbox 894 4219 934 4266; x_wconf 72' lang='lat'><strong>8⁰.</strong></span> 
     </span>
    </p>

    <p class='ocr_par' dir='ltr' id='par_1_7' title="bbox 200 4288 420 4341">
     <span class='ocr_line' id='line_1_42' title="bbox 200 4288 420 4341; baseline 0.005 -1"><span class='ocrx_word' id='word_1_353' title='bbox 200 4288 229 4340; x_wconf 89' lang='lat' dir='ltr'><strong>llr</strong></span> <span class='ocrx_word' id='word_1_354' title='bbox 239 4290 420 4341; x_wconf 75' lang='lat' dir='ltr'><strong>nutabantur.</strong></span> 
     </span>
    </p>
   </div>
   <div class='ocr_carea' id='block_1_6' title="bbox 0 0 1580 4942">
    <p class='ocr_par' dir='ltr' id='par_1_8' title="bbox 0 0 1580 4942">
     <span class='ocr_line' id='line_1_43' title="bbox 0 0 1580 4942; baseline 0 0"><span class='ocrx_word' id='word_1_355' title='bbox 0 0 1580 4942; x_wconf 95' lang='lat' dir='ltr'><strong> </strong></span> 
     </span>
    </p>
   </div>
  </div>
 </body>
</html>
