3150 4942
329 426 416 495 1166
615 418 623 431 '
800 441 835 487 r.
860 441 957 490 uiuri

332 587 409 653 oulo
423 593 610 666 evaseruut,
625 586 711 664 uisa,
736 584 863 669 quippe
877 586 937 669 qni
951 585 1104 664 inermes,
1123 586 1215 651 nulla
1228 605 1337 650 rerum
1352 607 1413 651 sua·

330 708 402 753 rnm
416 706 483 753 non
495 688 612 755 relicta
630 688 712 753 inter
723 688 853 763 hostes,
869 686 1050 751 ludibrium
1065 704 1132 751 non
1147 688 1300 752 externis
1317 688 1416 763 modo,
1516 685 1517 742 ἶ

331 790 504 855 sedetiam
527 790 757 875 popularibus,
780 790 916 874 spoliati
937 796 1039 873 atque
1060 792 1194 871 egmtm
1216 786 1340 853 domos
1351 790 1418 853 md·

331 891 409 956 iore.
454 892 557 958 Hand
581 894 714 974 ignarus
736 892 906 977 opinionis
924 892 1072 968 alterins,
1096 910 1162 973 qua
1187 890 1268 954 haee
1282 890 1418 973 proditio

332 994 376 1056 ab
400 992 723 1059 Samnitibusiuota
745 993 898 1069 traditur,
923 1010 999 1057 cum
1028 991 1223 1055 auctoribus
1251 992 1318 1055 boc-
1342 991 1419 1065 dedi,

332 1092 455 1176 quibus
477 1093 611 1176 dignius
633 1093 726 1159 credi
749 1102 824 1176 est;
846 1100 917 1158 tnm
940 1094 1053 1159 ioedns
1079 1091 1347 1175 Neapolitanum
1368 1092 1418 1178 (aa

333 1194 423 1259 enim
438 1194 556 1261 deinde
577 1214 709 1260 summa
731 1196 778 1259 rei
804 1194 1002 1261 Graecorum
1014 1202 1038 1233 ¹¹
1064 1193 1170 1270 uenit)
1194 1194 1341 1257 similius
1353 1206 1421 1257 vero

333 1296 425 1373 facit,
439 1296 535 1377 ipsos
550 1298 584 1360 in
600 1296 787 1361 amicitiam
806 1294 959 1361 redisset
1003 1295 1152 1359 Publilio
1167 1295 1360 1379 triumphus
1372 1295 1418 1359 de·

334 1404 464 1475 oretus;
486 1396 578 1480 qnod
594 1398 678 1461 satis
688 1404 713 1437 ¹²
729 1397 946 1475 credebatur,‘
967 1398 1143 1479 obsidione
1158 1396 1307 1461 domitos
1316 1398 1421 1462 hostes

334 1498 369 1561 in
386 1496 485 1561 tidem
505 1499 648 1562 venisse.
693 1499 772 1563 Duo
796 1500 980 1582 singularia
1004 1501 1079 1563 baee
1102 1500 1134 1563 ei
1154 1501 1228 1565 uiro
1253 1500 1420 1583 primum¹³

334 1597 512 1680 eontigere3
535 1600 724 1681 prorogatio
738 1601 872 1683 imperii
886 1620 954 1665 nou
969 1608 1045 1667 ante
1058 1603 1091 1666 in
1105 1601 1176 1665 nllo
1190 1602 1294 1676 iacta,
1309 1607 1421 1665 etacio

335 1698 497 1777 bonoreft
513 1700 729 1785 triumphus.u
875 1710 879 1716 '
1091 1708 1096 1713 “

377 1800 431 1863 27.
454 1798 559 1864 Aliud
579 1802 720 1866 subinde
741 1802 867 1868 bellum
888 1804 1123 1869 cum'altarins
1137 1822 1207 1869 orae
1221 1804 1358 1869 Graecis
1370 1822 1422 1865 ex·

337 1906 455 1966 ortum.
500 1902 655 1987 Namque
669 1904 851 1984 Tarentini,
871 1926 946 1971 enm
960 1926 1030 1970 rem
1048 1905 1333 1988 Palaepolitanam
1347 1922 1422 1969 vans

337 2012 401 2086 spe
416 2004 535 2069 anxilii
550 2004 757 2089 aliquamdiu
780 2007 1032 2084 sustinuissent,
1056 2014 1235 2091 postquam
1258 2007 1421 2072 Romam

337 2104 418 2167 urbe
439 2106 566 2189 potitos
590 2124 762 2189 accepere,
782 2107 878 2172 velut
897 2107 1063 2186 destituti,
1082 2126 1124 2171 ao
1138 2126 1204 2171 non
1218 2108 1279 2190 qni
1294 2108 1360 2190 ipsi
1373 2104 1419 2168 de

337 2205 530 2282 atitnissent,
551 2207 724 2288 increpare
738 2207 1026 2288 Palaepolitanos:
1055 2208 1107 2269 ira
1129 2212 1229 2289 atque
1251 2208 1421 2272 invidiain

332 2304 514 2375 ,Romanos
530 2305 655 2385 furere3
675 2324 718 2370 eo
734 2306 847 2383 etiam,
862 2304 956 2387 qnod
972 2305 1128 2371 Lucanos
1143 2313 1179 2371 et
1191 2307 1331 2391 Apulos
1340 2306 1421 2392 (narn

337 2414 479 2488 utraque
499 2425 540 2489 eo
564 2424 651 2471 anuo
674 2406 820 2471 societas
841 2411 956 2488 coepta
967 2410 1030 2485 est)
1048 2406 1083 2470 in
1095 2405 1206 2491 ‘fidem
1227 2409 1348 2493 populi
1360 2406 1421 2472 tto-

372 2594 385 2628 *
403 2597 459 2645 Noa
469 2611 506 2646 ure
515 2597 583 2652 latet.
593 2613 608 2646 a
618 2597 756 2660 quibusdan
765 2598 839 2647 diana
848 2597 980 2661 opinionon
989 2598 1103 2649 tradituri
1114 2614 1174 2661 esse,
1185 2616 1268 2665 nempe
1278 2604 1347 2663 δην
1353 2600 1422 2663 proult·

339 2658 410 2708 tionis
420 2666 528 2710 suctores
539 2662 616 2721 titisse
626 2660 754 2711 Samnites.
790 2660 879 2709 Veram
888 2667 915 2710 nt
926 2664 1106 2726 Priapoiitnuis
1116 2666 1213 2715 dasiim
1222 2666 1320 2725 saetosa
1329 2681 1374 2716 esse
1388 2678 1421 2727 po·

338 2724 388 2772 tias
397 2726 501 2788 medam,
510 2726 556 2774 dno
567 2740 602 2773 me
612 2730 718 2774 moeste
730 2726 784 2775 tius
794 2723 947 2787 acdptmm
957 2728 999 2791 qai
1008 2728 1045 2777 itu
1054 2737 1193 2791 amnne,
1202 2734 1335 2781 auctoritas
1342 2730 1423 2793 patior:

339 2788 485 2846 indssoedns
495 2804 547 2838 eum
560 2789 673 2839 Romanis
683 2790 768 2839 initum
779 2805 795 2837 n
806 2790 982 2852 Neapolitanis,
991 2794 1023 2841 sd
1032 2807 1090 2855 quos
1100 2796 1241 2844 translatura
1251 2803 1289 2846 est
1300 2798 1422 2845 &aaran

337 2852 503 2967 m
521 2854 662 2918 imperim
678 2856 740 2904 unde
753 2854 900 2917 probabilius
907 2854 943 2920 fit
959 2854 1022 2919 mosa
1036 2862 1119 2921 monte
1134 2872 1240 2908 mersos
1254 2864 1288 2909 ad
1303 2860 1422 2910 nuttam

799 3011 888 3034 000000
891 3012 981 3033 000000

376 3130 405 3176 tr
423 3127 497 3191 Conj.
512 3126 540 3179 J.
552 3129 581 3177 F.
594 3127 711 3178 Gronov.
724 3142 863 3178 usuuom
875 3126 1089 3180 nomn-rs
1104 3130 1200 3181 ‘Ferte
1215 3133 1256 3181 orti
1267 3132 1344 3184 antis:
1360 3129 1422 3181 atat·

341 3204 396 3238 ruur
409 3190 548 3255 triurnpbo.
582 3193 617 3241 Et
637 3192 705 3242 torte
722 3193 776 3255 quoi
793 3190 826 3240 ab
840 3192 913 3241 Liuio
928 3192 1072 3255 aeripuum!
1088 3196 1116 3243 J.
1130 3196 1160 3246 F.
1173 3197 1344 3247 Gronau-ii
1358 3194 1420 3245 Iden

342 3254 486 3317 aruspicatur
496 3256 519 3304 ei
529 3254 580 3305 otro
587 3255 738 3321 prima-lt
755 3254 902 3306 Glareanus
913 3256 1052 3321 legendum
1063 3267 1154 3310 eeneet
1164 3266 1232 3310 nasto
1241 3262 1337 3312 ham.

835 3419 943 3469 NOTAE

374 3527 382 3556 ²
399 3526 468 3581 Quod
479 3529 539 3576 satis
548 3529 697 3595 credebatur]
714 3530 770 3582 litai
780 3532 868 3583 condi·
906 3532 960 3583 latu
977 3546 1082 3595 nempe,
1102 3533 1235 3585 tribunatu
1255 3538 1370 3598 militum,
1386 3536 1422 3582 ant

342 3600 451 3650 tionibus
462 3602 487 3650 iu
499 3602 671 3655 Romanorum
683 3608 807 3658 ditionem
818 3609 869 3660 l’a·
907 3606 1037 3658 dictatura
1047 3610 1234 3674 triumpharem
1243 3612 1288 3661 ted
1299 3620 1368 3677 gesto
1377 3618 1422 3659 tan·

342 3675 483 3739 inpolitani
512 3677 651 3744 redierant,
678 3680 755 3732 facite
783 3690 869 3734 tamen
909 3692 963 3735 tntu
987 3689 1191 3749 proconsulatu
1211 3688 1255 3753 qui
1275 3702 1355 3739 uorua
1372 3695 1421 3736 tunt

342 3752 468 3803 eredltnru
481 3752 570 3801 Roma
590 3768 621 3803 eo
642 3759 787 3820 compulsus
806 3758 869 3809 belli
908 3775 1011 3825 quoque
1031 3762 1123 3824 honor,
1141 3777 1191 3811 nee
1210 3777 1332 3826 sitiuntur,
1350 3773 1421 3824 neum

342 3835 370 3879 et
381 3826 600 3879 obsidionisrnnlis
610 3845 625 3880 a
636 3830 750 3882 Publilio
759 3832 869 3885 Pbilnue
907 3838 985 3886 uliam
998 3837 1024 3885 iu
1043 3839 1107 3887 urbs
1120 3846 1276 3901 patestatem
1288 3838 1421 3890 tribuebat:

342 3903 430 3955 illatis.
907 3910 967 3959 iden
986 3912 1012 3960 in
1029 3912 1182 3976 Capitolinis
1199 3914 1327 3978 lapidibus
1344 3912 1421 3962 ruetito

374 3988 386 4013 ¹
414 3982 449 4030 Et
468 3988 522 4031 neto
542 3983 628 4033 bonore
647 3984 791 4049 triumpias]
810 3984 869 4037 Hoc
909 3993 1035 4049 notatum,
1056 3995 1086 4036 ut
1098 3986 1178 4037 refert
1188 3990 1319 4053 Sigonius,
1334 3996 1422 4043 om·

343 4058 594 4119 singularenonerat
606 4060 703 4118 Roma,
715 4069 743 4111 ut
755 4062 869 4125 postad·
909 4074 1005 4111 ninive.
1022 4075 1050 4116 o.
1067 4076 1092 4112 r.
1110 4076 1138 4117 o.
1159 4078 1187 4115 u.
1207 4078 1304 4117 rutro.
1325 4080 1354 4116 ιι.
1372 4073 1421 4113 eut·

344 4132 516 4181 ministratum
529 4134 650 4185 bonorem
661 4138 718 4201 quia
728 4137 869 4198 triumpha·
910 4150 973 4188 urs.
991 4150 1056 4188 ruo.
1072 4152 1131 4189 cos.
1147 4152 1193 4190 ua.
1204 4147 1422 4191 snuurrrarmt·

344 4214 393 4255 ret.
437 4208 487 4257 Sed
511 4209 559 4258 trae
581 4224 673 4259 norrun
697 4212 723 4260 in
747 4212 869 4273 Philone,
911 4224 1135 4266 naaromnuars.

344 4282 409 4347 quod
421 4296 471 4333 nou
490 4298 521 4331 ox
542 4298 638 4333 summa
653 4286 758 4345 bonore,
779 4300 870 4337 eonsu-
