3150 4942
303 357 389 424 1040
764 373 799 421 r.
825 370 919 420 mvrr

302 514 429 580 ioedere
444 519 606 592 vetusto,⁰
627 515 718 599 quod
733 515 850 583 multis
864 513 1105 582 intermiserant
1119 514 1229 591 annis,
1245 523 1404 598 accepta.

305 616 384 694 Quo
407 615 570 698 prasidio
594 634 671 680 cum
696 615 782 680 snlta
806 634 860 680 res
883 616 1040 680 Romana
1065 618 1165 692 esset,
1192 617 1302 680 levius
1326 617 1407 689 snit,

304 717 393 799 quod
408 715 528 780 Gallos
542 736 624 782 mox
638 717 808 782 Praeneste
831 718 989 792 venisses
1007 725 1110 800 atquo
1130 717 1209 780 iude
1223 717 1317 782 circa
1336 718 1406 782 Pe-

304 817 383 880 dum
408 817 615 892 consedisse,
638 818 790 882 anditum
816 824 876 882 est.
922 819 1128 884 Dictatorem
1148 818 1217 884 dici
1237 817 1276 882 C.
1291 819 1407 902 Sulpi·

303 921 394 982 cium
419 921 556 1001 placuit.
601 920 730 985 Consul
760 921 865 985 adid
894 922 1027 985 accitus
1057 920 1097 984 C.
1120 921 1277 986 Plautius
1302 922 1404 985 dixit

303 1019 466 1102 Magister
477 1022 627 1103 equitum
641 1023 797 1086 dictatori
811 1021 946 1086 additus
958 1022 1008 1086 Μ.
1019 1021 1189 1087 Valerius.
1219 1023 1270 1086 Hi
1284 1023 1407 1088 robora

302 1121 459 1198 militum,
482 1141 528 1184 ex
543 1123 688 1200 ,duobus
715 1123 949 1187 consularibus
971 1123 1178 1188 exercitibus
1200 1122 1322 1200 electa,
1345 1124 1407 1188 ad·

303 1241 421 1288 versus
432 1221 553 1288 Gallos
564 1223 744 1286 duxerunt.
769 1224 909 1288 Lentius
919 1224 957 1287 id
968 1223 1140 1307 aliquanto
1148 1223 1286 1301 bellum,
1300 1243 1408 1307 quam

302 1325 394 1408 parti
405 1325 537 1407 utrique
548 1324 717 1406 placebat,
732 1324 806 1388 suit.
844 1322 930 1387 Cum
943 1323 1156 1406 primoGalli
1168 1330 1295 1388 tantum
1310 1324 1408 1388 avidi

303 1423 494 1489 certaminis
510 1424 664 1499 luissent,
677 1424 795 1489 deinde
811 1423 986 1488 Romanus
1001 1424 1110 1502 miles,
1124 1424 1249 1488 ruendo
1262 1426 1298 1487 in
1310 1444 1410 1490 arma

305 1545 345 1590 ac
360 1526 623 1603 dimicationem,
644 1526 852 1608 aliquantum
873 1525 1044 1590 Gallicam
1058 1524 1218 1588 ferociam
1234 1525 1410 1606 vinceret;

305 1627 462 1692 dictatori
487 1629 683 1710 neutiquam
708 1627 876 1709 placebat,
902 1626 1040 1709 quaudo
1063 1625 1157 1690 nulla
1179 1632 1313 1706 cogeret
1341 1647 1411 1703 res,

304 1727 448 1794 sortnuae
465 1748 502 1793 se
518 1728 726 1794 committere
743 1728 909 1792 adversus
923 1728 1065 1804 lrostem,
1079 1746 1180 1810 quem
1195 1732 1330 1810 tempus
1345 1729 1410 1793 de-

306 1831 460 1897 teriorem
481 1831 517 1894 in
541 1830 615 1906 dies
638 1835 672 1894 et
693 1830 787 1894 locus
810 1829 939 1893 alienus
962 1829 1098 1906 faceret,
1120 1829 1193 1893 sine
1213 1835 1409 1912 praeparato

305 1940 507 2011 commeatu,
531 1933 613 2002 siue¹
629 1932 724 1996 firmo
747 1931 952 1994 munimento
977 1935 1178 2009 morantem
1200 1930 1244 1994 ad
1268 1930 1336 1995 hoc
1360 1931 1411 1994 iis

306 2031 428 2098 animis
451 2034 726 2116 corporibusque,
747 2053 887 2116 quorum
902 2033 1012 2097 omnis
1028 2034 1063 2096 in
1077 2033 1210 2113 impetn
1231 2033 1285 2098 vis
1299 2037 1408 2110 esset,

305 2151 411 2215 parva
435 2133 551 2198 eadem
581 2134 814 2216 languesceret
838 2153 943 2199 mora.
987 2134 1056 2198 His
1080 2133 1233 2198 consiliis
1257 2133 1410 2198 dictator

305 2235 431 2300 bellurn
454 2234 614 2312 trahebat,
639 2253 842 2316 gravemque
858 2234 1013 2298 edixerat
1030 2254 1177 2317 poenam,
1201 2234 1233 2298 si
1259 2235 1338 2316 quis
1354 2236 1409 2298 in·

303 2335 425 2419 jussu⁹
451 2336 484 2398 in
507 2334 635 2398 hostem
658 2341 853 2418 pugnasset.
896 2335 1039 2412 Milites,
1062 2355 1151 2417 aegre
1165 2337 1201 2400 id
1222 2335 1409 2419 patientes,

306 2437 414 2518 primo
431 2437 466 2499 in
479 2434 681 2498 stationibus
697 2435 892 2517 vigiliisque
905 2436 989 2502 inter
1007 2455 1044 2500 se
1058 2436 1257 2500 dictatorem
1278 2455 1409 2500 sermo·

307 2536 407 2600 nibus
436 2553 585 2616 carpere,
618 2535 783 2599 interdurn
817 2535 940 2600 Patres
969 2537 1186 2601 communiter
1221 2536 1409 2620 increpare,

309 2637 401 2719 quod
416 2655 483 2700 non
494 2635 680 2718 jussissent
700 2655 761 2718 per
774 2637 934 2701 consules
954 2639 1024 2720 geri
1041 2637 1177 2702 bellum.
1222 2636 1409 2703 ‘Electum

309 2753 385 2798 esse
398 2735 558 2799 eximium
571 2737 814 2819 imperatorem,
829 2737 965 2801 unicum
979 2738 1111 2815 ducem,
1128 2739 1186 2820 qui
1201 2737 1283 2800 nihil
1294 2737 1409 2819 agenti

310 2836 376 2904 sibi
405 2836 448 2901 de
477 2837 568 2904 coelo
597 2837 827 2903 devolaturam
853 2838 889 2901 in
916 2841 1025 2904 sinum
1048 2840 1224 2904 uictoriam
1250 2837 1411 2902 censeat?

310 2935 438 3004 Eadem
458 2935 579 3003 deiude
593 2938 667 3005 haec
682 2939 827 3004 interdiu
841 2940 1017 3022 propalam
1032 2959 1075 3006 ac
1090 2939 1257 3004 ferociora
1270 2939 1323 3004 bis
1331 2939 1409 3022 jae-

768 3115 948 3138 omen

312 3214 417 3266 Probo!
431 3215 571 3277 ,Sigea-a
588 3217 667 3282 Vulg.
676 3218 788 3281 injurata.

806 3363 913 3414 ΝΟΜ.

343 3419 469 3508 ⁰Foederd
489 3463 594 3524 uetusto]
610 3461 696 3512 letum
718 3476 760 3512 an.
779 3466 839 3513 258.
878 3461 982 3512 noculo
999 3457 1126 3511 recitandi
1147 3456 1251 3508 foderis
1267 3471 1325 3507 cum
1337 3457 1409 3508 Lati-

311 3547 368 3582 cum
381 3533 611 3587 Latinisadlacnm
622 3537 750 3601 Regillum
761 3537 839 3587 victis
879 3536 928 3600 nir,
954 3536 1003 3585 niri
1025 3535 1087 3585 talia
1107 3532 1240 3597 refugeret
1259 3532 1361 3588 Liuius,
1379 3541 1411 3584 ut

213 3605 216 3612 ’
310 3607 395 3657 foednr
405 3608 515 3658 indicari
524 3610 577 3660 vult
586 3611 673 3674 Sigon.
683 3613 757 3676 cujus
765 3603 840 3662 men·
878 3609 1132 3676 praelinetrictoriu
1140 3615 1237 3658 narret.
1252 3610 1280 3658 J.
1291 3610 1410 3659 carim.

311 3684 347 3734 tio
359 3685 404 3734 lib.
426 3697 458 3732 rr.
475 3699 532 3747 cap.
551 3689 592 3735 22.
625 3687 720 3740 Quidni
732 3703 793 3737 vero
805 3689 839 3737 ad
911 3696 924 3728 v
941 3683 1325 3746 Gdouml'roemremtm]
1337 3686 1410 3736 Eece

310 3759 441 3825 Tarquinii
462 3759 545 3810 lodus
567 3760 667 3812 Auctor
686 3763 839 3826 respexerit,
880 3761 963 3811 adbuc
984 3761 1054 3810 Galli
1071 3759 1127 3822 jarn
1145 3759 1223 3808 toties
1241 3761 1409 3821 pessumdati.

312 3838 346 3888 de
368 3853 419 3901 qno
438 3837 483 3888 lib.
502 3851 522 3888 1,
542 3852 600 3902 cap.
618 3843 658 3888 52.
692 3839 750 3888 Hoc
768 3848 840 3890 certe
880 3837 934 3886 llic
945 3843 1031 3885 tamen
1048 3841 1154 3900 quartus
1165 3840 1205 3883 ert
1217 3835 1352 3886 Gallorum
1368 3836 1410 3898 (lri

313 3913 449 3974 vetustius,
465 3914 569 3978 (initum
586 3917 683 3980 quippe
702 3916 773 3966 circs
796 3932 839 3966 ru·
880 3912 939 3972 Boii
952 3910 1040 3976 fuere)
1057 3912 1083 3960 in
1095 3912 1224 3961 Romanos
1243 3911 1366 3974 impetur,
1378 3911 1409 3959 C.

313 4001 374 4038 num
385 3988 650 4052 U.22t.)necminur
669 3993 840 4042 exeoLntlni
878 3991 951 4053 Sulp.
970 3989 1098 4039 dictatore
1122 4003 1274 4052 repressus:
1297 3989 1330 4038 de
1357 4004 1409 4052 quo

314 4063 438 4112 Romania
449 4064 567 4116 conterre
580 4067 689 4118 rnilitum
703 4069 752 4118 viru
762 4069 841 4119 debe·
880 4064 994 4129 Appisu.
1011 4066 1037 4115 in
1059 4065 1172 4127 Celtico,
1193 4073 1223 4116 ut
1244 4064 1333 4128 Sigon.
1355 4079 1409 4114 mo-

314 4136 386 4186 brnt.
881 4151 934 4192 net.

347 4215 389 4262 Ex
400 4213 492 4271 sedere
508 4216 610 4279 veluto]
626 4218 693 4268 llaee
704 4218 773 4269 bella
782 4224 841 4267 eret
