3150 4942
590 455 663 500 ιιι.
687 454 737 501 ιιι.
760 455 841 504 can.
864 441 918 504 25.
1235 448 1302 514 973

205 594 309 660 ermis
324 593 519 679 animisque,
533 612 601 677 qua
616 596 720 677 premi
736 604 829 680 parte
844 600 991 665 maxime
1011 604 1159 686 peditum
1179 608 1300 690 copias

204 697 333 760 vident.
377 692 482 770 Nihil,
495 713 601 777 neque
625 697 718 778 apud
734 697 851 777 duces,
864 719 972 782 neque
987 703 1077 786 apud
1099 705 1236 777 milites,
1250 728 1300 772 re·

205 796 348 859 mittitur
362 815 383 858 a
394 813 523 858 summo
537 797 713 860 certamine
728 799 842 862 animi.
864 799 980 866 Sensit
987 821 1065 884 ergo
1074 813 1213 870 eventus
1233 810 1301 871 vir·

204 897 287 960 tutis
298 896 403 959 enisae
419 891 553 977 opem3¹
568 902 603 960 et
618 895 825 981 Volsci,qua
835 901 936 964 modo
947 904 1104 969 simulato
1118 914 1210 970 metu
1225 927 1301 972 ces·
1320 931 1323 934 ⁴

204 1004 329 1070 serant,
344 1015 383 1058 ea
397 998 430 1060 in
446 1015 555 1059 veram
571 996 682 1076 fugam
699 997 808 1063 effusi.
852 1000 980 1083 Magna
1004 1022 1083 1086 pars
1101 1013 1137 1069 et
1160 1007 1194 1068 in
1221 1009 1300 1090 ipso

203 1098 392 1173 certamine,
404 1101 439 1160 et
453 1102 532 1179 post
544 1097 577 1161 in
592 1095 673 1178 fuga
687 1101 787 1162 cmsi:
803 1100 902 1163 ceteri
918 1102 953 1165 in
963 1104 1180 1188 castrisque
1194 1115 1298 1189 capta

200 1199 318 1263 eodem
334 1199 463 1280 impetu
479 1202 565 1274 sunt,
580 1197 692 1280 plures
708 1205 820 1263 temen
833 1201 940 1282 capti,
955 1221 1055 1284 quam
1070 1205 1188 1270 occisi.

241 1299 296 1362 25.
318 1297 387 1361 Ubi
411 1299 448 1362 in
471 1298 679 1361 recensendis
695 1300 842 1381 captivis
856 1319 932 1363 cum
944 1300 1150 1367 Tusculani*
1165 1305 1297 1389 aliquot

199 1401 451 1474 noscitarentur,
467 1399 584 1462 secreti
606 1399 649 1462 ab
667 1398 744 1462 aliis
759 1399 802 1462 ed
819 1401 970 1463 tribunos
983 1401 1204 1481 adducuntur,
1218 1423 1298 1487 per·

200 1500 497 1581 cunctantibusque
510 1497 606 1573 lassi,
620 1498 756 1580 publico
769 1499 912 1562 consilio
927 1519 965 1563 se
978 1501 1151 1566 militasse.
1186 1504 1296 1588 cujus

199 1608 268 1664 tam
288 1601 390 1664 vicini
410 1600 487 1663 belli
512 1606 603 1663 metu
624 1597 786 1663 Camillus
809 1607 932 1677 motus,
954 1602 1152 1685 ‘extemplo
1167 1623 1205 1668 se
1220 1605 1295 1670 Ro-

197 1721 286 1768 mam
300 1703 455 1786 captivos
470 1698 665 1776 ducturum:
686 1700 746 1779 eil,
767 1704 777 1733 ‘
792 1719 835 1764 ne
850 1700 968 1764 Patres
982 1703 1087 1782 ignari
1108 1702 1184 1780 sint,
1204 1703 1294 1770 Tus·

197 1803 335 1868 oulanos
357 1802 400 1866 ab
423 1801 774 1866 societatedescisse.
826 1799 957 1866 Castris
984 1802 1216 1887 exercituique
1241 1807 1293 1868 in·

196 1904 302 1980 terim,
318 1903 348 1966 si
364 1902 525 1977 videatur,
541 1902 660 1983 proesit
679 1899 832 1982 collega?
876 1901 1087 1966 Documento
1108 1923 1194 1968 nnus
1217 1906 1293 1970 dies

194 2004 315 2081 iuerat,
340 2023 381 2068 ne
404 2023 468 2068 sue
485 2004 626 2068 consilia
645 2003 838 2066 melioribus
856 2003 1038 2085 praeferret·
1081 2003 1160 2067 Nec
1181 2013 1293 2072 tamen

196 2111 254 2168 aut
275 2107 352 2187 ipsi,
374 2115 432 2170 aut
450 2107 481 2168 in
500 2105 647 2168 exercitu
663 2104 830 2185 cuiquam,
844 2104 931 2166 satis
945 2105 1083 2184 placato
1097 2105 1211 2168 auimo
1226 2105 1290 2170 Ca·

194 2205 308 2270 millus
321 2207 443 2270 laturus
459 2207 592 2288 culpam
607 2204 680 2287 ejus
694 2202 879 2281 videbatur,
893 2221 962 2286 qua
975 2202 1055 2268 data
1067 2205 1101 2267 in
1117 2210 1186 2267 tam
1203 2224 1291 2287 prae·

193 2308 328 2391 cipilem
344 2327 456 2371 casum
474 2325 524 2369 res
540 2306 677 2388 publica
692 2313 804 2384 esset;
820 2312 946 2367 etcum
961 2305 996 2367 in
1009 2305 1205 2382 exercitus
1220 2312 1289 2375 tum

193 2407 315 2472 Βοιιιω
330 2417 489 2472 constans
504 2409 649 2472 omnium
668 2405 760 2470 sama
781 2414 864 2484 erat,
887 2426 962 2471 cum
984 2407 1077 2470 varia
1101 2407 1229 2470 fortuna
1252 2408 1287 2472 in

193 2507 333 2573 Volscis
358 2515 454 2590 gesta
479 2527 532 2572 res
558 2515 658 2585 esset,
682 2507 835 2572 adversae
862 2499 983 2590 pugnae
1008 2508 1165 2592 fugaeque
1188 2507 1225 2571 in
1245 2507 1287 2572 L.

193 2609 298 2674 Furio
313 2609 461 2692 culpam,
475 2608 630 2673 secundm
644 2607 746 2673 decus
761 2627 858 2672 omne
873 2626 975 2691 penes
987 2606 1037 2671 Μ.
1049 2607 1187 2672 Furium
1199 2627 1287 2672 esse.

193 2709 400 2774 Introductis
425 2711 459 2772 in
487 2716 640 2773 senatum
662 2709 819 2791 captivis,
834 2727 911 2772 cum
933 2707 1021 2771 bello
1036 2707 1285 2790 persequendos

192 2809 406 2894 Tusculanos
418 2808 538 2873 Patres
554 2811 773 2884 censuissent,
783 2807 997 2890 Camilloque
1007 2807 1042 2870 id
1057 2809 1177 2873 bellum
1190 2827 1284 2872 men·

192 2909 347 2990 nossem
371 2910 557 2993 adjutorem
576 2909 641 2972 sibi
662 2907 706 2972 ad
729 2927 804 2972 eam
818 2927 887 2971 rem
901 2926 1003 2970 unum
1019 2907 1121 2990 petit:
1143 2908 1280 2987 permis·

192 3031 307 3094 eoque,
319 3017 355 3076 ut
367 3030 411 3074 ex
427 3010 563 3092 collegis
579 3015 719 3092 optaret,
735 3029 834 3093 quem
848 3008 958 3077 uellet,
973 3021 1088 3071 contre
1102 3024 1196 3088 spem
1211 3025 1278 3068 om·

189 3110 282 3175 nium
308 3109 349 3174 L.
375 3111 510 3173 Furium
535 3111 675 3192 optavit.
719 3107 799 3186 Qua
826 3107 1052 3171 moderatione
1077 3106 1177 3170 animi
1204 3125 1279 3170 eum

190 3211 331 3292 collegae
344 3211 465 3275 levavit
478 3209 662 3286 infamiam,
677 3213 746 3273 tum
763 3209 829 3274 sibi
844 3208 982 3289 gloriam
997 3208 1163 3289 ingentem
1178 3225 1280 3290 pepe·

187 3313 239 3376 rit.
283 3311 319 3376 N
321 3332 361 3377 cc
376 3311 439 3376 ibit
455 3331 528 3376 cum
543 3309 747 3374 Tusculanis
766 3309 905 3374 bellum:
928 3325 1014 3389 pace
1029 3308 1194 3372 constanti
1209 3308 1277 3371 vim

640 3437 821 3461 nummu

186 3523 332 3574 Durisalma
343 3531 383 3573 est
395 3521 537 3587 explicatio
548 3522 671 3572 struthii:
692 3535 761 3584 equae
772 3521 838 3570 nudi
847 3519 990 3580 calonibus,
1001 3507 1096 3632 eosque
1110 3517 1206 3567 liberos
1218 3533 1276 3580 pau·

185 3588 232 3635 sim
245 3588 332 3664 {ageri
344 3587 520 3670 inflammatis
534 3587 594 3634 aciei
610 3587 734 3678 speciem,
753 3583 801 3696 Sci.
812 3588 915 3660 vluit.
928 3582 982 3647 lb.)
999 3592 1029 3660 ut
1056 3599 1099 3670 eqo
1112 3585 1120 3610 ⁴
1132 3581 1235 3673 fulgeret
1249 3584 1275 3631 iu

183 3651 348 3728 legationem,
369 3664 398 3700 x.
412 3655 453 3701 le.
472 3658 541 3699 extr.
557 3657 602 3700 aut
637 3648 748 3698 surmate
771 3649 1074 3710 ugnumluliercunan,
1103 3653 1132 3696 et
1172 3644 1275 3696 tradere

183 3716 259 3764 alieni
272 3716 364 3765 librum
374 3715 400 3763 ln
414 3715 505 3778 pignus
517 3714 648 3771 amicitia,
659 3713 684 3761 b.
696 3727 720 3760 c.
730 3719 760 3761 ut
771 3715 805 3762 sit
816 3729 841 3776 p.
852 3715 884 3761 ι.·
900 3712 1000 3775 Ruunt.

179 3839 183 3844 Ι
216 3783 247 3829 1⁴
264 3786 271 3808 ‘
282 3780 315 3828 Et
326 3784 378 3828 tm
388 3778 415 3828 ia
425 3777 529 3829 aucun
540 3777 621 3827 Gran.
634 3787 661 3827 et
674 3777 752 3826 Creu.
763 3773 830 3826 forte
840 3775 945 3839 rectius,
955 3781 1025 3824 certe
1035 3773 1142 3835 gratius,
1153 3772 1273 3837 quonlam

673 3887 780 3939 Nom

179 3972 269 4022 hostes
286 3968 335 4034 ipsi
346 3970 465 4033 equitatu
475 3969 623 4029 caruerint;
640 3967 708 4031 quud
747 3969 784 4017 ita
795 3965 889 4028 (licam,
897 3964 1044 4029 languebat,
1055 3962 1205 4025 adjumento
1218 3963 1274 4013 lor·

182 4059 233 4097 uon
243 4046 322 4095 semel
333 4045 535 4095 observavimus.
546 4043 574 4091 J.
587 4043 675 4092 Clerlc.
747 4042 865 4091 titudinis
875 4054 973 4088 summo
982 4039 1043 4087 alsa
1058 4037 1188 4102 consutis,
1198 4041 1272 4102 quael

213 4121 316 4172 meante
332 4135 390 4183 erga
409 4127 504 4172 mentun
521 4119 619 4169 &tatia
636 4119 708 4168 eaba
746 4117 897 4177 excitatam,
920 4112 1084 4177 nunculiam
1104 4115 1161 4177 spei
1178 4113 1271 4162 llum·-
1396 4145 1402 4154 0

180 4199 255 4262 ομιιι]
280 4197 415 4248 Audeotes
434 4197 541 4259 dictum,
562 4203 591 4246 ut
611 4195 706 4259 signifi·
746 4207 845 4244 uorum.

179 4281 394 4331 columnatum
406 4285 509 4338 pugne,
520 4271 564 4338 qul
581 4278 665 4328 antea,
678 4279 706 4320 ιιι
778 4265 792 4304 ¹
809 4267 869 4317 cm
879 4265 1016 4331 muna]
1031 4264 1256 4329 Sap-lutaciu-
