3150 4942
551 436 622 484 arn.
646 432 729 485 vrtr.
754 437 836 485 car.
857 421 911 485 14.
1195 422 1281 490 1139

183 597 284 663 quam
302 562 374 641 aare
384 578 564 659 persoluto,
580 581 621 656 ie,
637 581 696 662 qui
711 579 873 661 cepisset,
885 587 983 642 extra
997 579 1133 645 vincula
1145 588 1279 664 captam

182 678 332 743 haberet.
360 677 398 741 ln
415 698 529 759 agrum
543 689 732 743 senatorum
743 680 871 743 tcoloni
885 680 999 742 missi:
1012 682 1134 763 quibus
1151 683 1280 764 asemp-

183 781 241 855 tis,
253 780 402 863 speciem
413 782 558 862 antiquae
568 780 761 861 frequentiae
773 779 909 844 Velitrae
922 789 1124 863 receperunt.
1154 782 1199 844 Et
1208 781 1280 846 An·

181 880 268 943 tinm
283 881 545 943 novetcolonial
561 881 664 943 missa
680 899 755 943 cum
769 899 823 955 eo,
833 878 1068 944 ntAatiatibus
1078 882 1278 962 permittere·

179 988 248 1057 tur,
269 982 296 1043 si
320 988 356 1044 et
372 981 439 1063 ipsi
463 981 587 1043 ascribi
609 981 721 1043 coloni
746 981 900 1043 vellent*
943 980 1062 1043 Nares
1077 981 1155 1044 iude
1171 982 1278 1063 longae

181 1083 326 1155 abactae,
347 1081 625 1164 interdictumque
641 1084 722 1144 mari
738 1079 869 1145 Antiati
883 1084 1011 1165 populo
1026 1088 1090 1159 est,
1109 1090 1144 1145 et
1158 1083 1277 1147 civitas

180 1184 272 1246 data.
293 1181 475 1246 »Tiburtes
503 1182 771 1264 Praenestinique
796 1202 876 1263 agro
900 1183 1065 1260 mulctati,
1093 1202 1202 1264 neque
1228 1186 1277 1267 ,ob

175 1301 296 1347 recens
311 1289 437 1347 tautum
454 1284 658 1359 rebellionis,
674 1303 848 1347 commune
871 1304 946 1347 cum
961 1285 1038 1347 aliis
1054 1284 1198 1361 Latinis,
1214 1286 1275 1349 cri·

181 1402 265 1461 men,
292 1385 353 1446 sod
377 1384 481 1467 quod,
497 1384 600 1447 taedio
622 1386 755 1466 imperii
773 1384 929 1462 Romani,
944 1404 1019 1448 cum
1035 1385 1158 1462 Gallis,
1178 1396 1275 1468 gente

179 1485 444 1560 efferata,·arma
468 1485 638 1567 quondam
668 1487 931 1550 consociassent·
985 1486 1115 1550 Ceteris
1142 1485 1274 1552 Latinis

179 1585 314 1668 populis
329 1586 494 1649 connubia
509 1586 772 1667 commerciaque
788 1594 822 1649 et
837 1588 983 1650 concilia
993 1588 1077 1650 inter
1092 1606 1129 1649 ae
1142 1588 1275 1652 ademe-

179 1694 301 1749 runt²¹
347 1685 542 1767 Campanis,
563 1688 757 1768 equitumil
782 1687 919 1749 lionoris
938 1706 1052 1762 nausa,
1069 1688 1175 1769 quia⁴
1197 1708 1273 1753 cum
1365 1682 1369 1689 ’

179 1786 306 1850 Latinis
330 1787 493 1855 rebellare
515 1787 710 1864 noluissent,
735 1786 995 1869 Fundanisque¹
1013 1795 1046 1850 et
1063 1787 1274 1867 Formianis,·

210 1958 229 1982 '¹
246 1950 301 2000 Hae
316 1954 406 2007 addita,
423 1958 448 1999 at
465 1952 546 2001 liceret
561 1950 677 2001 celeribus
693 1951 785 2015 autu,
802 1966 854 2000 caan
870 1952 1003 2001 recentibus
1017 1967 1099 2001 nomen
1116 1954 1182 2014 dare,
1202 1958 1224 2002 et
1246 1952 1273 2001 in
1322 1996 1327 2009 ,

177 2016 309 2064 colonarun
319 2030 440 2065 nanterum
449 2014 542 2075 referri.

545 2098 547 2103 ·
633 2090 693 2112 een
697 2090 816 2111 00000000

209 2178 226 2223 2
242 2174 316 2238 Cnnj.
331 2176 439 2237 liupert.
455 2180 606 2226 ademta-8
623 2178 701 2239 Vulg.
720 2176 847 2237 Campania
857 2175 983 2238 epaitilraa.
1017 2175 1079 2224 Vid.
1098 2174 1162 2222 Nat.
1178 2175 1272 2223 Vnt.-

178 2244 194 2288 4
211 2238 271 2288 ‘nt
283 2240 324 2301 qui
342 2255 389 2303 pro
405 2240 479 2303 puic5
496 2240 563 2303 qttod
580 2240 695 2290 arridere
708 2250 793 2302 potest
803 2240 860 2287 coll.
872 2254 895 2285 c.
909 2243 946 2287 11.
958 2246 1026 2288 extr.
1052 2241 1101 2286 Sed
1114 2238 1198 2286 malim
1212 2247 1272 2293 aute

178 2302 234 2365 prtia
242 2304 356 2352 incerere
368 2310 391 2353 et
403 2320 460 2353 cum
474 2305 587 2361 Daiara,
598 2307 681 2361 celae,
692 2314 721 2352 ut
733 2303 830 2366 duplex
843 2301 967 2352 afferatur
978 2304 1056 2360 ratio,
1066 2317 1210 2364 sensusque
1219 2304 1270 2351 ait:

177 2375 206 2415 et
218 2368 276 2431 qnia
288 2382 355 2416 nunc
366 2384 423 2419 enar
435 2370 533 2419 Latinis
542 2369 575 2420 ob
586 2370 651 2418 iram
663 2369 749 2417 aminsi
761 2369 816 2430 agri
827 2367 954 2415 rebellare
967 2366 1124 2416 aotrttsseaa’
1141 2367 1244 2429 Rapere.

669 2496 775 2549 NOTAE

174 2610 231 2660 cap.
244 2600 267 2645 8.
293 2596 406 2646 Videtur
421 2596 463 2645 lric
474 2610 531 2646 esse
543 2595 703 2645 denuntiatio
741 2554 970 2655 mancipationem,
989 2592 1193 2654 stipulationem,
1208 2594 1270 2642 alia·

175 2674 245 2721 clara
260 2686 321 2721 racc
339 2672 418 2733 lacta,
437 2686 469 2720 ae
487 2672 601 2720 'l'iberlm
620 2678 703 2720 traus-
741 2686 792 2733 une
814 2671 956 2722 Qniritium
971 2671 1038 2733 juria
1060 2670 1184 2734 propriu
1213 2684 1269 2733 qaas
1357 2709 1363 2721 .

175 2749 253 2807 irent,
264 2748 302 2795 sin
313 2749 396 2795 minua
408 2748 528 2795 mulctam
538 2747 607 2793 mille
618 2746 703 2809 pando
741 2747 890 2795 latinorum
911 2745 1038 2809 aliquibus
1057 2754 1133 2794 antea
1149 2738 1271 2794 concessa

175 2824 233 2872 seria
245 2824 328 2886 gravia
341 2823 480 2871 solverent.
496 2822 524 2869 J.
540 2822 655 2869 caricas.
694 2842 698 2849 ·
740 2836 799 2870 crum
816 2822 934 2881 ciuitate,
945 2834 1012 2869 nnnc
1024 2820 1115 2869 iisdem
1128 2822 1231 2869 ademta
1243 2822 1269 2869 in

206 2898 261 2946 tln
271 2911 357 2958 maan
371 2896 516 2958 senatorum]
533 2894 701 2944 senatoribut
740 2914 842 2961 paenam
862 2898 967 2947 fuerint.
1003 2898 1060 2947 Nec
1077 2898 1147 2946 alittd
1159 2899 1191 2948 de
1207 2898 1269 2961 jure

173 2972 318 3021 Veliternis
330 2973 435 3020 exulare
443 2969 535 3034 jussis,
546 2983 634 3019 eorum
647 2969 700 3030 agri
739 2974 860 3023 connubii
873 2975 975 3021 ademto
986 2975 1139 3021 censuerim.

173 3048 258 3103 vtcnl,
277 3047 352 3095 dlvlal
369 3045 468 3094 civibus
488 3046 560 3094 Rom·
572 3058 639 3094 nilne
651 3050 700 3092 itt·
771 3058 782 3091 t
802 3049 939 3110 Campania,
958 3048 1072 3111 equilum]
1090 3048 1147 3097 Jam
1168 3048 1270 3096 dixerat

174 3124 237 3172 tium
251 3124 277 3171 ia
289 3138 345 3171 enm
357 3121 483 3171 coloniam
497 3120 587 3168 missia.
737 3122 775 3171 iria
785 3124 873 3172 datam
884 3122 1034 3181 civitatem;
1046 3136 1113 3170 arrae
1122 3120 1203 3184 addit,
1212 3123 1267 3173 sina

205 3206 217 3230 “
233 3198 333 3246 Antiana
341 3211 401 3246 noea
412 3194 514 3256 colonia]
524 3195 583 3245 anr
593 3194 625 3244 ab
635 3208 700 3243 anan
739 3198 868 3259 suffragio.

172 3274 206 3323 tt.
226 3278 283 3322 286.
301 3272 414 3322 deducta
430 3272 455 3321 in
470 3272 536 3319 hanc
548 3270 700 3319 Volscorum
769 3282 780 3307 ²
800 3272 978 3335 Fundanisque]
995 3272 1027 3320 In
1051 3287 1114 3335 agro
1134 3272 1268 3323 Attrunco·

172 3348 262 3397 nrbem
283 3350 385 3397 calonia
405 3346 499 3401 inerat,
515 3346 571 3396 lib.
591 3346 699 3395 AEmilio.
739 3364 794 3397 rum
818 3348 944 3403 Caecuba,
966 3348 1036 3397 inter
1052 3349 1216 3397 Tarracinam
1239 3358 1268 3400 et

171 3426 205 3475 Q.
219 3422 300 3472 Fabio
311 3438 378 3472 cosa.
391 3422 433 3471 lib.
447 3435 489 3470 ιιι.
501 3436 558 3484 cap.
573 3427 594 3478 1,
738 3425 866 3487 Formias,
882 3421 1027 3486 fluviosque
1044 3421 1167 3473 Ufentem
1183 3431 1210 3472 et
1225 3426 1266 3475 Li-

204 3504 218 3530 ¹
237 3499 358 3547 Contrebia
370 3496 552 3559 commerciaque
562 3504 586 3545 et
602 3496 700 3545 concilia
738 3502 795 3555 rim,
815 3498 898 3548 Fundi
920 3499 1042 3561 oppidum
1065 3498 1141 3548 sitnm
1163 3507 1202 3547 est
1225 3502 1267 3549 via

169 3576 236 3625 inter
254 3591 278 3624 aa
294 3576 444 3639 adnuerunt]
462 3575 560 3623 Latinis
578 3575 713 3623 interdici.
738 3576 842 3638 Appia3
857 3573 926 3623 ande
934 3575 1003 3622 laena
1012 3573 1151 3623 Fundanus
1161 3575 1185 3623 in
1196 3591 1266 3626 arare

169 3648 246 3700 facile
259 3652 344 3713 potuit
359 3666 391 3699 ae
407 3651 517 3699 concilia
534 3650 601 3699 iuter
617 3664 645 3699 ae
656 3651 699 3698 lra-
737 3666 765 3700 se
777 3664 928 3699 exonerans.
949 3651 1051 3699 Primus
1062 3651 1103 3699 laic
1115 3654 1184 3715 regni
1196 3655 1266 3702 Nea-

170 3725 272 3785 berent,
289 3718 386 3789 quibui
398 3725 430 3791 de
448 3726 527 3774 totius
540 3724 609 3773 Latii
622 3724 699 3773 rebus
737 3727 844 3789 politani
857 3728 926 3775 incrta
936 3728 1050 3776 occurrit
1065 3727 1148 3775 Roma
1160 3728 1265 3792 Neapo-

170 3802 540 3854 incommunecoanultarent.
568 3800 698 3849 Atneiu·
736 3804 771 3852 lin
784 3803 943 3865 petentibus.
977 3802 1169 3862 vulgat-'aaut

169 3875 259 3928 tar'ae
276 3876 469 3935 commercium,
488 3875 513 3923 ld
529 3882 578 3934 eat,
597 3874 698 3923 emendi
768 3879 832 3926 ¹Et
851 3878 997 3939 Formianis]
1023 3875 1125 3923 Fundos
1148 3876 1217 3925 iuter
1238 3885 1265 3927 et

169 3952 350 4015 vendendique
371 3951 482 3998 laricem
505 3951 548 4012 jua
573 3948 699 3999 habereut
735 3952 894 4008 Minturnas,
904 3950 995 3998 relicta
1015 3948 1047 3996 ad
1060 3948 1176 3996 dextram
1189 3950 1265 3999 caia.

170 4030 259 4091 viciui,
275 4042 328 4092 qua
346 4027 446 4074 ratione
458 4025 587 4087 prohiberi
605 4033 697 4088 potue·
737 4036 772 4086 ta,
792 4040 820 4073 ae
833 4023 977 4073 afferebant
990 4023 1107 4084 Formiae,
1122 4023 1178 4072 sive
1196 4026 1263 4075 Hor.

170 4104 232 4164 rint,
244 4117 294 4151 non
305 4102 367 4149 satis
379 4100 469 4161 capio:
488 4100 534 4147 aiei
549 4099 697 4148 commercii
735 4101 801 4155 miae.
813 4106 838 4146 et
852 4100 914 4159 ipsse
934 4098 959 4144 irr
972 4095 1109 4151 Auruncis,
1127 4098 1170 4146 ubi
1190 4098 1264 4150 fabu-

169 4174 507 4237 uoraineintelligamunjua
521 4174 633 4223 Romano
644 4188 696 4222 mo·
733 4174 803 4223 loatts
828 4174 1022 4235 laestrygonum
1042 4184 1087 4220 ren
1107 4172 1263 4237 Autiplratea

168 4268 197 4302 re
226 4248 402 4311 contrahendi,
428 4262 476 4311 per
503 4261 597 4297 neurim
625 4258 697 4313 puta,
733 4250 820 4300 aedem
831 4248 951 4298 babuisse
961 4247 1085 4297 scribitur
1096 4248 1130 4298 ab
1141 4248 1264 4302 Homero.
