3150 4942
522 474 595 521 nm.
618 472 703 521 vin.
727 472 810 521 cnr.
833 458 888 524 83.
1172 460 1255 527 1179

157 624 220 695 ter,
237 616 351 679 ‘Bene
367 614 462 699 agis,’
475 616 595 698 inquit,
611 620 708 680 ‘curn
724 636 766 681 eo
783 636 846 681 nos
860 617 983 682 deduci
1001 617 1151 700 jussisti,
1167 613 1256 685 uude

155 723 189 783 et
203 717 325 801 privati
339 736 455 783 vocum
471 718 598 781 mittere
613 715 840 799 poscemus!h
885 718 938 782 Ibi
952 720 1058 801 primo
1068 719 1093 757 ¹⁸
1107 739 1173 784 non
1188 726 1257 786 tam

155 826 329 902 perpetuae
343 820 523 895 orationes,
539 838 638 902 quam
653 819 842 897 altercatio,
858 820 1159 886 exaudiebantur.¹⁹
1191 820 1257 888 Vi·

155 921 202 983 cit
219 920 339 985 deiude
360 922 535 1002 strepitum
551 940 621 985 vox
641 931 674 985 ct
692 920 874 1002 indignatio
898 921 997 985 Fabii
1022 924 1126 1000 senis,
1148 923 1256 989 incre·

155 1021 265 1102 pactis
296 1022 488 1104 superbiam
520 1021 815 1105 crudelitatemque
841 1021 991 1104 Papirii:
1023 1021 1094 1086 ‘Se
1122 1042 1257 1109 quoquc

155 1118 351 1187 dictatorem
376 1121 496 1187 Romae
522 1123 639 1200 fuisse,
663 1141 725 1185 nec
750 1140 772 1185 a
795 1142 832 1187 se
858 1142 1056 1205 quenquam,
1079 1144 1121 1188 ne
1144 1125 1255 1207 plebis

156 1223 289 1305 quidem
303 1223 482 1302 hominem,
494 1235 559 1288 non
575 1225 812 1313 centurionem,
823 1244 893 1287 nou
907 1223 1058 1304 militem,
1070 1226 1256 1307 violatum3

155 1323 339 1405 Papirium,
355 1332 512 1409 tauquam
537 1344 582 1389 ex
606 1326 749 1391 hostium
778 1325 931 1402 ducibus,
954 1326 1006 1389 uic
1028 1344 1074 1389 ex
1099 1325 1255 1391 Romano

155 1426 354 1507 imperatore
369 1427 541 1491 victoriam
564 1434 599 1491 et
622 1428 828 1512 triumphum
852 1432 971 1511 petere.
1018 1425 1193 1504 Quantum
1208 1430 1257 1491 in·-

156 1523 313 1589 tercsset‘
327 1528 412 1591 inter
427 1528 689 1592 moderationem
710 1530 922 1611 antiquorum
944 1531 979 1591 et
998 1547 1121 1592 novam
1141 1547 1256 1612 snper·

155 1626 248 1690 biam
258 1627 569 1710 crudelitatemque!
592 1628 800 1693 Dictaturam
811 1627 986 1704 Quintium
999 1626 1255 1695 Cincinnatum¹¹

153 1728 189 1789 iu
205 1726 244 1790 L.
260 1726 449 1791 Minucium
466 1729 650 1805 consulem,
667 1747 711 1792 ex
728 1728 902 1792 obsidione
917 1748 938 1793 a
954 1737 1170 1813 cecropium,
1186 1749 1256 1793 non

154 1828 241 1892 ultra
255 1828 406 1906 saevisse,
421 1848 520 1912 quam
533 1834 571 1891 nt
585 1828 733 1910 legatum
749 1848 824 1893 eum
841 1829 884 1892 ad
900 1829 1083 1894 exercitum
1100 1850 1162 1913 pro
1176 1850 1257 1894 con-

154 1930 226 1993 sule
248 1930 459 2017 relinqueret.
505 1930 554 1995 M.
574 1929 711 1993 Furium
729 1928 909 1994 Caruilium
929 1931 964 1993 in
987 1930 1028 1993 L.
1044 1926 1171 2007 Furio,¹
1186 1933 1255 2013 qui,

154 2038 323 2095 contemta
355 2050 418 2095 sua
450 2036 621 2095 senectute
653 2039 687 2093 et
716 2022 940 2108 auctoritates
958 2030 1147 2095 foedissimo
1177 2051 1256 2095 cum

153 2136 274 2198 eventu
291 2139 487 2214 pugnasset,
503 2150 568 2193 non
586 2131 697 2194 solum
711 2131 747 2193 in
770 2131 952 2213 praesentia
970 2130 1181 2194 moderatum
1195 2132 1255 2195 irae

152 2252 240 2310 esse,
253 2251 295 2296 ne
308 2232 389 2315 quid
405 2231 448 2294 de
459 2230 592 2311 collega
605 2249 704 2294 secus
715 2232 842 2313 populo
855 2235 914 2294 aut
929 2233 1062 2294 senatui
1077 2231 1255 2314 scriberet3

152 2334 223 2411 sed,
239 2352 317 2397 eum
331 2332 532 2409 reuertisset,
553 2332 770 2415 potissimum
791 2350 837 2395 ex
856 2331 999 2396 tribunis
1021 2332 1255 2398 consularibus

151 2436 323 2512 habuisse,
344 2453 442 2519 quem
469 2452 513 2497 ex
538 2434 686 2515 collegis,
710 2434 850 2516 optione
874 2434 917 2497 ab
943 2439 1062 2497 senatu
1084 2434 1178 2511 data,
1202 2452 1258 2499 so·

153 2539 281 2602 cium²⁰
301 2536 367 2600 sibi
387 2536 517 2618 imperii
537 2535 703 2617 delegerit.
750 2534 840 2598 Nam
855 2534 975 2616 populi
990 2532 1135 2616 quidem,
1150 2554 1255 2617 penes

153 2656 254 2721 quem
279 2642 430 2720 potestas
455 2636 601 2698 omnium
626 2655 734 2699 rerum
753 2644 856 2709 esset,
880 2654 922 2699 ne
942 2637 1027 2699 iram
1042 2636 1179 2719 quidem
1193 2656 1255 2701 nn·

152 2758 254 2822 quarn
272 2737 467 2803 atrociorem
482 2737 587 2799 fuisse
603 2736 636 2799 iu
651 2754 722 2813 eos,
735 2737 793 2818 qui
808 2737 991 2800 temeritate
1001 2742 1104 2820 atque
1118 2736 1255 2801 inscitia

150 2840 319 2905 exercitus
334 2840 533 2915 amisissent,
551 2856 650 2921 quam
671 2841 708 2901 ut
720 2838 865 2919 pecunia
880 2856 938 2901 cos
954 2837 1142 2902 mulctaret.
1187 2835 1253 2901 Ca·

613 3032 657 3051 m
659 3030 795 3051 OOOOOOOOO

154 3166 269 3216 Crevier.
287 3165 394 3215 aii-1³1
412 3165 492 3227 vntg.
505 3170 623 3227 perrtmt
643 3166 811 3227 incepta-ru
828 3163 858 3209 Ia
878 3162 954 3224 prino
971 3160 1087 3210 Gronov.
1103 3159 1255 3209 crovien-
1294 3144 1297 3149 ⁸

155 3234 187 3279 ru
203 3229 315 3281 Quidam
334 3228 403 3290 iibri,
420 3236 488 3279 terte
501 3230 589 3292 Sigon.
601 3230 765 3277 atterentium
775 3226 939 3275 redimatur.
981 3222 1097 3273 Malebat
1107 3224 1135 3274 J·
1146 3224 1174 3273 F.
1187 3223 1255 3275 Gro-

152 3306 212 3344 ποι.
236 3294 363 3358 probante
384 3294 484 3343 Stroth.
501 3293 681 3347 erudiebatur.
698 3299 725 3342 et
741 3305 801 3341 mox
820 3290 943 3345 Quantae·
962 3291 1151 3337 interam—nt)
1165 3288 1252 3339 luter·

653 3453 759 3504 NOTAE

186 3552 201 3586 ¹¹
220 3553 287 3603 Unde
299 3552 422 3616 notioni
436 3566 513 3601 vorm
524 3553 622 3600 mittere
630 3564 682 3611 por·
723 3548 821 3614 alioqui
834 3546 952 3596 tieuirre:
976 3558 1009 3593 ex
1021 3541 1143 3594 inferiore
1154 3544 1213 3595 ioco
1223 3543 1254 3594 c-

153 3629 243 3692 remar]
268 3627 320 3677 Pro
337 3630 426 3678 rostris
447 3629 526 3676 rerba
544 3626 632 3675 tacere
649 3623 682 3673 ad
723 3628 786 3676 tium
797 3625 943 3675 defendere
956 3636 1009 3671 non
1020 3621 1167 3684 vetabatur,
1183 3621 1253 3687 quod

153 3706 278 3770 populum
299 3720 348 3753 non
371 3712 502 3768 poterant,
521 3704 571 3752 nisi
594 3701 685 3764 magir-
724 3702 817 3766 cuique
828 3701 932 3765 private
941 3698 1103 3761 permissura.

153 3789 247 3843 tratur,
260 3788 305 3830 aut
322 3782 366 3845 qni
385 3796 400 3829 a
416 3779 609 3844 mngirrratibnr
624 3790 684 3840 prc-
757 3775 904 3831 'Quartana
925 3772 1060 3834 intererat]
1085 3769 1177 3819 tiatira
1195 3783 1254 3818 cum

153 3858 234 3908 ducti.
268 3857 366 3906 Fabiu·
383 3856 452 3905 filius
469 3856 593 3918 magister
613 3852 684 3915 cqui-
724 3850 856 3901 Gronovto
871 3851 998 3898 interme:
1023 3853 1052 3893 ut
1071 3842 1255 3907 rupericribur,

154 3940 209 3983 tum
222 3947 253 3982 eo
265 3930 429 3995 accenderat,
436 3931 507 3994 jure,
518 3928 620 3993 opinor,
631 3941 682 3975 rna·
726 3941 783 3991 qna
794 3924 921 3975 infinitivo
930 3919 1083 3978 efferuntur,
1092 3917 1254 3968 ethirtcrico

156 4011 300 4075 gistratum
325 4014 353 4057 et
371 4022 429 4057 oum
447 4020 479 4056 eo
498 4012 572 4070 pater
590 4004 684 4068 nitique
725 3996 1023 4078 rtytoroureuientiua..

155 4084 348 4148 primorea.qui
367 4084 469 4132 reiticet
483 4080 592 4131 honores
607 4085 685 4128 antea
757 4074 769 4108 ¹
799 4074 925 4129 Quotation
954 4064 1134 4128 cinaeum]
1169 4068 1254 4131 Supra

156 4166 302 4221 gemerent.
326 4157 380 4207 Sed
392 4156 521 4207 dictatore
533 4156 685 4205 concionari·
724 4149 769 4199 nb.
781 4162 825 4197 nn.
839 4162 863 4196 c.
873 4150 913 4195 19.

157 4242 194 4295 tc,
204 4248 255 4282 non
273 4232 378 4283 videtur
394 4232 474 4282 Fabiu
492 4232 572 4297 patri,
582 4244 641 4279 cnm
659 4228 685 4276 iu
759 4222 767 4258 ¹
781 4224 820 4273 Μ.
833 4222 934 4272 Fran
947 4218 1074 4269 Conium
1085 4218 1112 4268 ia
1123 4220 1155 4273 1..
1167 4219 1254 4303 Ferte]

156 4307 313 4374 magistratu
327 4322 380 4362 uon
395 4314 474 4366 erret,
486 4307 547 4358 iude
562 4305 686 4371 poputum
727 4298 797 4352 vide
808 4298 853 4350 tib.
867 4311 907 4349 vr.
916 4311 940 4348 c.
951 4299 993 4347 2⁴.
1002 4302 1031 4346 et
1041 4298 1082 4347 tt.
