3150 4942
293 442 379 509 12⁴⁴
763 446 799 499 τ.
822 446 917 498 nrvrr
942 473 946 481 ·

292 603 377 665 itum
393 595 494 673 hosti,
505 600 606 679 atque
621 592 664 658 ad
680 590 866 657 Lautulas·
887 588 1028 672 ancipiti
1049 586 1168 672 praelio
1194 589 1387 653 dimicatum

294 709 357 765 est.
402 698 482 763 Non
497 695 619 773 caedes,
634 712 701 757 non
714 693 794 773 iuga
808 692 942 756 alterins
951 690 1071 773 partis,
1084 690 1146 753 sed
1155 707 1223 753 nox
1236 692 1394 767 incertos,

294 802 377 865 victi
398 800 586 864 victoresne
610 798 732 869 essent,
756 792 896 856 diremit.
944 790 1079 853 Invenio
1099 789 1191 873 apud
1217 790 1394 872 quosdam,

294 902 469 967 adversam
482 919 556 965 eam
572 916 716 983 pugnam
739 893 908 958 Romanis
922 892 1035 969 inisse,
1058 900 1158 976 etque
1181 894 1216 958 in
1239 914 1281 957 ea
1304 896 1396 958 ceci·

295 1002 385 1067 disse
400 1001 444 1079 Q.
466 1000 615 1073 Aulium,
634 1000 826 1079 magistrum
848 994 1006 1077 equitum.
1050 994 1222 1059 Suffectus
1236 996 1395 1060 inlocum

295 1103 445 1171 Asilio.
462 1101 589 1165 Fabius
609 1100 765 1181 magister
788 1098 938 1179 equitum
960 1114 1037 1159 cnm
1065 1098 1215 1160 exercitu
1238 1115 1330 1160 noro
1352 1098 1397 1161 ab

296 1207 410 1271 Roma
422 1202 575 1281 advenit3
598 1206 643 1277 et,
669 1218 730 1283 per
753 1199 949 1281 praemissos
963 1197 1100 1259 nuntios
1115 1196 1273 1261 consulto
1289 1198 1398 1261 dicta·

294 1314 376 1384 tore,
390 1304 446 1369 nbi
463 1303 668 1377 subsisteret,
686 1319 796 1382 quere
816 1305 976 1382 tempore,
1002 1307 1120 1382 etqua
1140 1318 1183 1361 ex
1205 1304 1304 1381 parte
1316 1300 1394 1363 bos-

295 1416 361 1473 tem
383 1403 624 1487 aggrederetur,
646 1401 798 1465 substitit
809 1399 973 1476 occultus,
986 1399 1030 1462 ad
1052 1400 1261 1463 omniasatis
1277 1401 1394 1482 explo-

295 1508 377 1571 ratis
392 1504 577 1570 consiliis·
604 1502 770 1577 Dictator,
783 1518 859 1563 cnm
868 1518 927 1581 per
938 1499 1063 1582 aliquot
1072 1497 1146 1563 dies
1159 1506 1237 1584 post
1245 1520 1395 1584 pugnarn

295 1607 512 1672 continuisset
534 1622 614 1667 suos
635 1603 720 1665 intra
743 1601 878 1675 vallum,
901 1599 1030 1663 obsessi
1052 1601 1161 1682 magis
1175 1619 1276 1683 qnam
1303 1603 1398 1665 obsi·

296 1708 405 1771 dentis
417 1705 528 1780 modo,
544 1704 672 1785 signum
698 1707 835 1784 repente
860 1718 981 1783 pugnae
1005 1700 1199 1785 proposuit;
1220 1707 1268 1777 et,
1281 1702 1397 1767 effica-

295 1808 473 1871 cineratus
489 1805 531 1867 sd
547 1802 778 1868 accendendos
799 1801 942 1865 virerum
957 1801 1092 1865 fortium
1112 1804 1254 1880 animos,
1268 1803 1397 1867 nnllam

296 1907 389 1984 alibi,
404 1924 504 1989 quam
519 1904 554 1967 in
566 1910 671 1967 semet
685 1903 776 1985 ipso,
791 1904 948 1984 cuiquam
963 1903 1113 1968 relictam
1135 1922 1241 1986 spem,
1267 1903 1311 1966 de
1324 1924 1397 1967 nra-

295 2010 398 2090 gistro
411 2006 560 2089 equitnm
585 2023 739 2087 novoque
765 2004 917 2067 exercitu
937 2002 1074 2066 militena
1094 2004 1236 2068 celarit:
1258 2013 1307 2082 et,
1323 2011 1397 2068 tan·

296 2127 396 2193 quam
415 2106 517 2185 nulla,
534 2106 600 2169 nisi
615 2106 650 2169 in
666 2106 851 2187 eruptione,
875 2124 957 2187 spes
978 2112 1079 2182 esset,
1104 2106 1250 2183 ‘Locis'
1275 2107 1395 2189 inquit,

296 2209 482 2292 ‘angustia
496 2208 634 2281 milites,
650 2205 862 2288 deprehensi,
874 2206 940 2268 nisi
954 2225 1054 2288 qnam
1070 2206 1213 2270 victoria
1223 2208 1395 2290 patefece-

294 2312 410 2386 rimus,
426 2310 514 2374 vianr
529 2306 652 2371 nullam
666 2305 841 2368 hebemus.
858 2304 996 2371 ¹Statius
1006 2308 1329 2371 nostramonimento
1339 2328 1404 2373 me

295 2412 337 2475 tis
353 2412 534 2486 tntasnnt;
557 2404 1011 2488 sediuopiaeademinieata.
1035 2404 1124 2470 Nam
1135 2412 1170 2471 et
1179 2408 1270 2472 circa
1279 2410 1393 2473 omnia

296 2510 500 2585 defecerunt,
512 2508 595 2572 uude
606 2508 746 2571 subvehi
760 2514 964 2571 commeatus
978 2512 1175 2606 poterant?
1189 2516 1232 2584 et,
1242 2510 1274 2571 si
1287 2508 1393 2573 borni·

294 2626 356 2672 nes
369 2618 394 2659 ¹⁹
401 2611 518 2691 juvare
530 2606 644 2683 velint,
653 2606 770 2688 iniqua
779 2606 952 2671 locarunt.
995 2607 1116 2691 Itaque
1130 2628 1197 2673 non
1209 2609 1395 2674 tmstraber

295 2728 357 2791 ego
369 2726 442 2783 vos,
453 2712 563 2771 castra
577 2705 632 2768 hio
644 2706 875 2789 relinquendo,
884 2708 919 2770 in
930 2726 1018 2789 quse,
1028 2708 1150 2775 inlecta
1159 2710 1315 2787 victoria,
1325 2712 1404 2775 sio·

295 2816 333 2874 nt
343 2808 483 2891 pristino
495 2806 561 2884 die,
572 2824 635 2871 vos
648 2808 830 2891 recipiatis.
852 2808 966 2872 Armis
978 2810 1194 2887 munimenta,
1205 2830 1272 2875 non
1284 2814 1394 2875 mnni-

295 2912 414 2975 mentis
428 2928 519 2973 arma
531 2916 604 2975 tnta
617 2928 692 2974 esse
703 2908 833 2974 debent.
878 2910 1000 2974 Castra
1009 2909 1403 2996 habeantrepetaatqne,

297 3012 418 3095 quibus
431 3028 544 3093 operm
559 3019 614 3076 est
637 3010 763 3075 trahere
785 3011 932 3075 bedam:
956 3032 1018 3077 nos
1036 3013 1182 3076 omnium
1204 3031 1311 3076 rernm
1340 3034 1393 3077 ro-

295 3120 460 3195 spectum,
481 3118 700 3194 praeterquam
716 3112 875 3189 victoriae,
886 3112 984 3175 nobis
1000 3111 1246 3178 abscindamus.
1292 3113 1391 3179 Ferte

295 3213 390 3293 signa
402 3212 437 3274 in
448 3210 596 3275 bostem:
613 3212 671 3273 ubi
681 3216 774 3274 extre
784 3211 913 3275 vallum
927 3230 1045 3294 agmen
1060 3215 1251 3290 excesserit,
1268 3220 1389 3291 castra,

296 3310 418 3393 quibus
440 3310 637 3393 imperatum
658 3319 723 3389 est,
739 3310 933 3377 incendant:
957 3314 1079 3379 damna
1099 3322 1219 3391 vestra,
1249 3315 1387 3392 milites,

297 3412 441 3473 omnium
465 3411 565 3488 circa,
581 3411 640 3493 qui
654 3411 854 3491 deiecerunt,
881 3414 1077 3496 populorum
1102 3416 1215 3499 preda
1243 3418 1388 3481 sarcien-

327 3605 346 3630 “
365 3599 458 3650 llirnrit
468 3600 493 3649 ia
503 3600 606 3659 insidiis,
615 3606 737 3666 pedqm
746 3603 870 3652 dictatoris
879 3605 992 3666 agitata,
1003 3610 1075 3669 etque
1083 3607 1110 3655 is
1119 3623 1208 3659 onae·
1217 3614 1327 3659 eumin
1336 3623 1390 3656 cra·

294 3662 349 3711 rillu
358 3664 453 3725 perdor
462 3665 581 3727 rogwrtt,
595 3673 760 3729 perspectaque
770 3668 860 3715 lubuit.

326 3733 341 3759 ¹
357 3726 510 3776 Rebellnrttrtl
518 3727 597 3777 οἰήια
607 3730 658 3778 bru
666 3732 753 3791 mnia,
762 3744 794 3778 rx
804 3730 890 3792 quidun
898 3733 1019 3794 deportent
1027 3739 1120 3795 potem
1128 3748 1231 3784 m.

752 3868 931 3895 metuemo

327 3988 358 4032 1⁸
376 3984 545 4036 ‘Prreeaa'sret
561 3984 677 4047 Crevier.
690 3986 732 4037 all.
743 3986 899 4050 perperam!
914 3988 1073 4038 dtrrtls-ll
1089 3988 1150 4037 Vct.
1160 3986 1206 4038 lib.
1215 3988 1284 4051 cnud
1297 3989 1386 4051 Sigan.

791 4162 898 4213 ΝΟΜ

376 4256 388 4283 ·
403 4251 443 4301 Ad
453 4252 580 4317 brieter]
599 4255 681 4308 ,lustr
692 4258 850 4314 bllntnruar,
863 4242 1013 4309 atdisinrnr
1024 4272 1101 4323 roura
1109 4258 1156 4312 lib.
1168 4273 1219 4311 ru.
1229 4276 1252 4313 c.
1264 4265 1305 4310 dt.
