3150 4942
567 449 639 500 niu.
663 452 702 499 x.
726 450 809 501 cru.
830 436 862 499 3.
1112 408 1119 411 ’
1174 440 1260 531 lpus

159 588 326 657 bominum
343 594 490 677 scriptis.
534 594 654 678 Itaque
668 603 807 679 propter
820 616 880 660 eos
902 597 1062 661 tumultus
1077 596 1189 663 dictus
1206 599 1256 665 M.

160 692 317 757 Valerius
332 694 505 759 Maximus
527 696 685 774 dictator,
711 697 906 778 magistrum
920 699 1066 779 equitum
1089 700 1155 762 sibi
1178 702 1259 783 legit

159 791 210 855 M.
225 794 397 859 AEmilium
412 795 592 860 Paullum·
634 796 800 879 Idmugis
816 797 928 875 oredo,
942 816 1042 881 quum
1054 798 1098 877 Q.
1114 798 1257 864 Fsbinm

159 912 201 957 ou
215 901 317 959 oetuto
338 902 438 977 atquo
459 897 509 959 eis
532 895 734 960 bonoribus*
755 890 900 961 Valerio
917 898 1117 981 subjectum.
1160 897 1257 965 Cete-

158 1014 287 1061 rumex
297 996 440 1063 Maximi
456 999 655 1080 cognomine
672 1004 776 1064 ortum
793 1018 935 1063 errorem
947 1008 961 1035 ¹¹
975 1000 1063 1065 bend
1074 1002 1257 1069 abnuerim.

159 1094 336 1161 Profectus
352 1098 495 1163 dictator
508 1118 581 1163 cnm
598 1100 746 1163 exercitu
762 1100 881 1181 proelio
896 1119 963 1163 uno
986 1100 1122 1165 Marsos
1136 1102 1256 1167 fundit.

160 1194 352 1279 Compulsis
381 1198 500 1263 deinde
524 1201 558 1263 in
583 1201 682 1264 urbes
704 1202 863 1278 munitus,
894 1200 1094 1277 Milioniam,
1136 1200 1257 1270 Plesti-

158 1303 274 1367 nam,¹⁵
298 1296 510 1375 Fresiliam?
523 1300 609 1364 intra
632 1299 706 1363 dies
725 1317 854 1381 pancos
877 1300 987 1385 oepit:
1011 1308 1045 1365 et
1067 1306 1163 1383 purte
1184 1304 1256 1384 egri

159 1606 249 1669 ιιριιι
258 1620 342 1669 qma
355 1608 379 1659 ιι
390 1608 482 1659 tm’
500 1608 654 1674 Sigon-rs
674 1608 715 1661 m.
727 1609 864 1673 munus,
876 1610 998 1660 rues..

652 1770 760 1822 NOTlE

158 1878 223 1930 rium
246 1882 449 1933 Carseolanum:
483 1898 534 1933 uun
560 1898 634 1934 secus
657 1897 688 1932 ao
725 1882 820 1932 mentis
841 1884 994 1945 conjectura
1023 1885 1112 1933 uolunt
1133 1899 1174 1935 an.
1197 1891 1255 1953 lbi,

159 1958 374 2009 Cremonensibus
389 1960 485 2009 colonis
498 1962 620 2024 assignati
632 1961 686 2022 agrl
725 1958 790 2006 diros
802 1956 860 2006 iilos
879 1956 959 2005 fuisse
976 1958 1118 2007 dictatores
1130 1960 1186 2008 sine
1196 1975 1257 2010 cun·

157 2033 182 2081 in
201 2032 352 2093 Mantuano,
367 2039 484 2096 tempore
496 2033 617 2099 Augusti,
629 2050 687 2098 qun
725 2032 834 2093 solibus,
851 2033 939 2096 prino
951 2033 986 2084 Q.
998 2032 1062 2082 rau.
1073 2034 1147 2083 Max.
1160 2036 1258 2085 ltullis·

157 2122 235 2159 causa
246 2108 397 2170 Virgillsuu
415 2110 542 2173 querelas:
562 2111 688 2161 ‘Mantus
725 2122 784 2155 num
798 2107 914 2168 iterum,
938 2106 1061 2171 magistro
1079 2109 1197 2173 equitnm
1215 2112 1255 2161 M.

160 2200 200 2233 vae
222 2186 322 2234 miserae
345 2184 450 2233 nimium
475 2186 558 2235 sirius
583 2186 688 2236 Cremo·
725 2183 759 2233 Q.
780 2182 893 2241 AEmilio,
920 2182 1015 2232 dsinrle
1037 2183 1170 2233 Valerium
1193 2185 1257 2236 cor·

160 2270 200 2307 nu
210 2260 215 2307 Ι
226 2257 234 2278 ’
592 2254 593 2259 ’
725 2270 793 2313 rum,
806 2256 899 2304 iterum
910 2270 1022 2321 qnoque,
1033 2258 1075 2306 oui
1092 2258 1125 2307 P.
1137 2258 1259 2325 Sempro·

189 2340 200 2366 ⁸
211 2334 248 2382 M.
258 2332 383 2383 mutuum
395 2331 520 2393 Paullum]
533 2332 683 2383 Notandum
725 2330 783 2380 nius
794 2331 897 2395 Sophus
908 2333 1031 2393 magister
1041 2333 1158 2397 equitnm
1170 2334 1258 2387 fuerit.

158 2408 238 2457 semel
252 2422 284 2457 ex
295 2408 399 2471 Sigonio
410 2408 522 2457 Paullum
534 2409 612 2457 scribi
624 2409 688 2459 duo·
725 2408 831 2470 Negant
849 2409 917 2457 enisu
941 2407 1019 2457 aliter
1038 2418 1162 2473 eonstsre
1182 2425 1258 2474 posss

158 2483 205 2533 bus
217 2484 236 2546 l,
247 2490 276 2533 ut
286 2482 385 2545 lapides
396 2482 544 2546 Capitolini,
554 2490 582 2533 et
592 2484 688 2533 nummi
726 2490 870 2544 temporum
891 2483 1018 2531 rationem
1029 2499 1036 2531 ι
1054 2484 1134 2535 veluti
1151 2494 1189 2542 ut,
1208 2489 1257 2538 Cn.

158 2557 275 2619 argentei
286 2556 389 2606 donent.
726 2556 833 2605 Fulvius
853 2556 1022 2606 Centumalus
1041 2560 1178 2609 consulatu
1200 2576 1256 2618 suo,

190 2634 197 2665 ²
216 2634 247 2689 Q.
262 2632 321 2681 Fau
331 2646 359 2681 es
375 2636 446 2682 utute
464 2638 535 2696 utque
549 2634 584 2682 eis
594 2632 688 2682 bonori-
726 2630 752 2679 id
764 2638 813 2684 est,
832 2643 874 2678 su.
891 2632 949 2679 455.
966 2632 1171 2695 triumphumn,
1188 2636 1258 2700 quod

156 2706 211 2769 uo]
236 2707 301 2757 Cum
313 2714 429 2757 veterum
440 2706 552 2775 historin
566 2708 688 2758 Romanus
726 2720 742 2755 a
765 2706 864 2755 Nostro
885 2705 1008 2768 traditur,
1031 2715 1112 2771 utque
1131 2717 1169 2769 ut,
1187 2712 1259 2775 quod

157 2784 313 2846 scriptorum
337 2783 380 2830 ulii
403 2782 438 2832 Q.
460 2782 569 2831 Fabium
593 2784 688 2831 Rollin·
727 2782 891 2829 observatum
903 2786 943 2829 est
956 2795 971 2851 ι
983 2782 1108 2831 Cicerone
1120 2783 1152 2831 ds
1162 2785 1258 2835 Senec-

158 2870 230 2919 nunt,
247 2858 290 2907 alii
310 2856 348 2905 Μ.
360 2857 489 2906 AEmilium
507 2858 571 2907 ιΜ.
584 2856 688 2906 Valerio
727 2863 793 2912 tute,
805 2854 874 2904 inter
885 2855 949 2903 duos
959 2854 1041 2917 Appii
1056 2856 1127 2904 Curi
1140 2862 1259 2908 consula·

157 2932 286 2982 dictatore
299 2932 449 2995 magistrum
465 2934 578 2997 equitum
590 2934 688 2982 dietum
726 2936 768 2979 tus
780 2930 841 2977 snni
860 2930 952 2978 decem
967 2928 1146 2981 interfuerint.
1180 2934 1260 2984 Error

159 3007 293 3057 truderent
301 3023 311 3068 ς
320 3006 421 3056 Auctor
433 3012 522 3055 noster
532 3007 622 3055 bururn
634 3020 689 3054 sen·
727 3004 816 3067 itaque
827 3012 961 3053 auetornrn
973 3003 999 3052 lu
1010 3018 1042 3053 eo
1053 3020 1111 3054 esse
1123 3010 1217 3071 potuit,
1228 3016 1259 3061 ut

158 3081 417 3145 tentismprreponit,
427 3080 495 3145 quod
505 3080 587 3129 minus
599 3080 689 3128 uerisi·
727 3092 785 3127 curn
795 3078 887 3127 eodem
894 3090 961 3125 snno
968 3078 1101 3127 Valerium
1108 3086 1134 3128 et
1143 3080 1261 3146 Fabium,

156 3158 217 3207 rnlls
228 3157 349 3207 videatur
358 3154 477 3216 Fabium,
487 3168 538 3205 non
547 3156 628 3204 solum
637 3168 690 3203 tus·
726 3159 866 3217 utrumqne
885 3150 1030 3200 Maximum
1051 3156 1211 3214 cognomine,
1232 3156 1260 3207 ln

153 3232 238 3296 jurem
262 3238 351 3287 utute,
374 3230 421 3279 sed
442 3229 561 3279 omuibus
583 3230 688 3279 summis
727 3240 825 3277 summo
836 3228 989 3290 magistratu
1001 3228 1119 3292 legerent
1130 3230 1155 3278 in
1167 3229 1257 3293 fastis3

158 3306 298 3356 bonoribus
309 3303 438 3362 functum,
449 3304 480 3353 sd
498 3304 620 3353 minorem
632 3304 688 3367 dig·
727 3315 775 3351 nec
796 3300 874 3351 licite
894 3302 1069 3375 contingeret,
1087 3310 1116 3353 ut
1127 3304 1178 3355 dno
1190 3307 1261 3357 iotis

157 3374 265 3431 nituitesn
278 3380 326 3429 sub
338 3380 445 3429 Valerio
462 3378 603 3442 gerendam
615 3391 688 3428 roca·
728 3376 845 3441 ejusdem
857 3377 917 3425 snnl
936 3385 1017 3426 metss
1034 3377 1176 3429 dictatores
1188 3395 1260 3431 ores·

158 3460 222 3503 qum,
664 3466 668 3469 ·
726 3458 835 3511 rentum
858 3451 1145 3517 onumerlris,nempe
1157 3456 1259 3506 Vsteri-

190 3538 203 3563 n
220 3531 262 3577 Ex
273 3528 377 3577 Maximi
387 3530 523 3591 meuriss
536 3534 615 3581 ortum
624 3540 689 3577 erro·
727 3540 780 3588 um,
791 3524 946 3575 dictatorern
957 3525 1037 3576 luisse
1049 3531 1206 3591 putaverint,
1221 3534 1257 3581 sl.

157 3602 220 3666 reru]
237 3602 301 3651 Rern
314 3602 462 3665 perplexum
474 3602 595 3652 nonsatis
606 3602 689 3665 expli·
727 3606 821 3654 terum,
830 3598 936 3649 Fabium
943 3600 1054 3664 seilicet,
1062 3609 1180 3667 tunquam
1188 3608 1260 3671 equi·

159 3676 313 3727 eatthius.
346 3675 378 3723 lul
396 3677 464 3725 euim
481 3674 690 3727 tuntumindieat
729 3682 782 3725 tuus
794 3676 944 3737 magistrum
957 3676 981 3725 ei
993 3676 1170 3739 adjunxerint.

162 3764 276 3803 errorent
287 3748 398 3813 sliqusm
410 3750 479 3800 intes
493 3750 690 3812 veteresscrip·
760 3758 773 3783 ²
791 3750 935 3814 Milionium,
955 3751 1099 3811 Plestinus,
1120 3754 1261 3819 Fresiliam]

158 3834 232 3876 tores
242 3838 275 3876 es
287 3838 319 3874 eo
334 3831 433 3879 uatum,
450 3824 518 3887 quoti
537 3833 589 3874 turn
609 3823 690 3873 Fabio
728 3825 848 3875 Milionls
858 3839 903 3875 seu
914 3826 1050 3875 Milonius
1062 3828 1185 3877 Romanis
1196 3843 1258 3894 onp-

160 3916 236 3966 qnum
248 3899 353 3949 Valerio
361 3912 496 3949 commuue
506 3907 575 3949 esset
584 3899 691 3948 Maximi
730 3908 756 3950 ta
768 3902 802 3950 ds
812 3900 970 3949 Sannitibus
980 3907 1098 3947 nssratnr
1108 3899 1173 3950 infru
1184 3918 1207 3951 ι.
1217 3908 1259 3954 84.

159 3988 312 4039 sopnnmeu.
345 3974 377 4023 ln
389 3988 440 4039 quo
455 3988 528 4025 error
545 3976 589 4024 ills
605 3988 691 4025 sersu-
730 3976 826 4025 Plistis
836 3983 923 4023 autem
938 3974 1044 4022 obsessa
1064 3980 1092 4023 et
1107 3987 1260 4042 oppugnsta

160 4050 408 4101 retundivinandurn
417 4050 491 4099 nobis
500 4050 631 4114 relinquit.
650 4049 692 4099 Ad
729 4050 756 4099 lu
774 4050 927 4099 Ssmnitlnsn
944 4048 1045 4097 ditione
1055 4051 1180 4103 scribitur
1190 4056 1206 4105 Ι.
1219 4069 1260 4105 rx.

160 4126 229 4175 buno
236 4125 410 4188 labyrinthum
419 4125 598 4175 estriosuduru
606 4127 691 4174 ionem
731 4140 754 4176 c.
765 4128 806 4174 tl.
824 4124 894 4173 Hinc
905 4122 979 4177 Glsr.
991 4136 1091 4175 errnsse
1101 4127 1203 4179 Livium
1220 4146 1259 4181 ιι.

162 4198 308 4263 praeferunt
325 4200 445 4263 Sigonius
461 4208 488 4251 et
506 4200 630 4267 Pighius,
649 4202 692 4263 qul
732 4199 878 4263 quit,quorl
889 4199 1012 4251 lacteos
1023 4214 1090 4250 nuno
1102 4202 1205 4267 Marsis,
1215 4208 1261 4256 ali·

162 4272 693 4340 ‹luctsexCapitolinorumlapidumfrag·
734 4276 761 4323 bi
771 4275 929 4325 Samnitibus
941 4274 1061 4325 ascribat.
1087 4278 1205 4341 Sigonius
1217 4288 1260 4331 ts·
1315 4294 1334 4327 ο

226 4352 346 4417 neuun
359 4355 418 4408 νιν.
429 4356 497 4405 Cius·
665 4355 760 4407 Liuius·
1145 4363 1161 4407 4
1178 4358 1196 4408 8
