3150 4942
573 450 646 498 urs.
673 448 713 499 x.
737 449 819 501 cnr.
840 434 896 500 37.
1195 436 1282 505 less

182 592 259 659 inde
280 592 419 657 mixtam
441 590 611 655 hominurn
632 596 732 675 atque
748 592 919 676 pecudum
933 593 1138 678 colonosque
1161 600 1282 676 captos

181 701 327 776 egerent,
352 694 386 758 in
414 695 570 757 rictorem
596 693 749 759 incidunt
773 695 952 771 consulem,
977 696 1021 758 ab
1046 695 1188 760 Luceria
1210 696 1284 761 red·

184 804 331 862 euntem:
354 794 582 876 nec-preedam
601 794 713 859 solum
728 796 894 873 emittunt,
910 794 971 859 aod
986 795 1054 878 ipsi
1068 794 1169 879 longo
1184 802 1284 881 atque

182 897 347 979 impedito
376 894 506 977 agmine
531 895 744 977 incompositi
770 895 956 961 caeduntur.
1004 895 1146 974 Consul,
1172 898 1284 962 Inter»

184 1016 315 1061 smusrn
342 996 455 1061 edicte
481 994 626 1063 dominis
651 995 695 1060 ud
720 1014 775 1061 res
802 1014 885 1061 suas
909 997 1096 1063 noscendus
1120 998 1283 1082 recipien-

183 1100 311 1183 desque
325 1100 512 1172 ιιιιοοιιιίε,ι
534 1105 569 1161 et
582 1097 734 1163 exercitu
749 1098 797 1163 ibi
811 1099 940 1176 relicto,
953 1100 1163 1165 comitiorum
1178 1114 1285 1166 cause

184 1198 328 1265 Romam
352 1206 406 1263 est
431 1197 608 1281 proiectus.
662 1196 791 1263 Cnido
816 1198 984 1283 triumpho
1011 1202 1121 1282 agenti
1143 1207 1284 1283 negatus

184 1301 304 1380 honos,
318 1310 352 1365 et
376 1302 421 1364 ob
443 1300 568 1364 amissa
592 1303 643 1365 tet
667 1300 773 1365 millia
794 1302 945 1379 militum,
960 1307 994 1367 et
1015 1300 1108 1385 qnod
1125 1303 1283 1385 captivos

185 1404 283 1468 sine*
304 1402 462 1485 pactione
477 1401 540 1464 sub
551 1399 670 1483 jugum
685 1402 847 1466 misisset.
1287 1405 1293 1415 “

225 1504 279 1569 87.
302 1502 427 1569 Consul
446 1500 528 1565 alter
551 1500 760 1579 Postumius,
774 1503 858 1585 qnia
872 1502 906 1567 in
925 1502 1130 1569 Samnitibus
1145 1505 1284 1570 materis

185 1605 263 1669 belli
282 1605 406 1679 deerat,
423 1604 480 1667 in5
504 1601 667 1667 Etruriam
686 1602 839 1669 traducto
860 1604 1024 1683 exercitu,
1045 1605 1189 1687 primurn
1209 1624 1285 1688 par-

185 1711 377 1771 rastaverat
400 1704 655 1769 Volsiniensem
679 1702 833 1787 agrnmzl
854 1703 955 1770 dein⁶
977 1724 1053 1771 curn
1072 1705 1218 1788 egressis
1238 1707 1283 1772 ad

184 1806 325 1871 tuendos
352 1804 434 1869 fines
460 1803 550 1869 haud
576 1804 699 1887 procul
727 1802 897 1870 moenibus
922 1807 1072 1887 ipsorum
1099 1806 1285 1889 depugnat.

161 1906 264 1971 ·Duo
287 1906 393 1970 millia
407 1904 609 1987 octingenti⁷
633 1904 849 1969 Etruscorum
864 1906 964 1974 cosi:
986 1912 1120 1971 eeteros
1142 1908 1284 1989 propin·

184 2007 296 2089 quitus
318 2007 412 2070 urbis
434 2010 545 2071 tutata
565 2010 626 2071 est·
671 2004 710 2069 In
734 2003 957 2071 Rusellanum
978 2025 1092 2088 egsum
1113 2008 1285 2072 exercitus

184 2107 366 2173 traductus.
427 2105 482 2171 lbi
512 2126 577 2170 uon
607 2107 675 2189 egri
705 2113 834 2172 tanturn
863 2108 1002 2185 vestati,
1029 2105 1091 2171 serl
1121 2108 1285 2191 oppidum

183 2211 283 2273 etiam
309 2214 553 2292 expugnatum:
582 2198 686 2291 cepta
708 2209 855 2292 amplius
880 2208 949 2273 duo
972 2208 1079 2274 millia
1098 2209 1285 2286 hominnm,

183 2311 292 2375 minus
313 2309 381 2373 dno
406 2309 511 2375 millia
534 2308 625 2373 cirea
650 2326 762 2373 muros
785 2328 886 2375 caesa.
931 2310 1010 2375 Pox
1032 2315 1142 2375 tamen
1163 2311 1286 2377 clarior

184 2411 368 2494 majorque,
389 2430 489 2494 quern
515 2409 642 2474 bellurn
662 2410 698 2473 in
719 2408 856 2477 Etmris
877 2431 920 2477 ec
941 2429 1030 2476 anno
1052 2412 1169 2490 tuerat,
1188 2418 1286 2497 purte

185 2520 249 2579 est.
304 2512 387 2577 Tres
413 2511 630 2576 validissimae
659 2512 770 2588 urbes,
797 2511 943 2579 Etrurine
972 2514 1097 2596 cupita,
1123 2512 1285 2592 Volsinii,

185 2615 338 2691 Perusia,
354 2613 537 2693 Arretium,
552 2632 671 2697 pacem
690 2614 831 2696 petiere;
854 2619 899 2691 et,
912 2615 1123 2679 vestimentis
1142 2614 1285 2681 militum

184 2718 435 2799 frumentoquee
450 2715 541 2799 pecti
556 2734 632 2779 eum
648 2715 795 2792 consule,
809 2718 846 2778 ut
860 2715 947 2779 mitti
965 2713 1111 2779 Romam
1133 2722 1285 2781 oratores

185 2819 315 2896 liceret,
350 2818 504 2882 indecies
540 2817 575 2879 in
611 2814 833 2897 qnadraginta
867 2833 976 2879 annes
1011 2815 1284 2897 impetraverunt.

187 2917 317 2985 Mulete
340 2936 487 3003 praesens
507 2916 721 3001 quingentum
739 2912 880 2977 millium
895 2910 997 2979 ffllifid
1019 2914 1054 2977 in
1067 2913 1216 2995 singulas
1236 2913 1284 2979 ci·

642 3092 825 3116 nomnen!

186 3215 250 3266 cesti
271 3213 364 3265 itu-s
390 3212 466 3276 conj.
486 3211 556 3263 Dulr.
573 3210 737 3261 mestis—t
753 3208 832 3258 ‘Vox
848 3210 899 3259 ss'ss
917 3220 1054 3271 perperam
1070 3205 1166 3257 omissa
1183 3206 1208 3255 in
1226 3206 1286 3256 edd.

155 3324 157 3327 .
188 3280 290 3328 Ernest.
303 3284 325 3328 l.
335 3284 364 3328 et
374 3274 482 3328 Stroth!
494 3276 595 3340 lispert.
612 3274 660 3324 ’τὸ
669 3274 730 3331 sisa,
741 3274 810 3338 qnod
824 3274 910 3323 nescio
920 3272 1078 3336 qnsrstione
1090 3272 1115 3320 ln
1124 3270 1166 3320 erl.
1175 3272 1285 3321 Srrctlrii

189 3344 308 3393 ursinum
320 3350 370 3404 est,
386 3342 520 3392 resecarit
546 3347 658 3405 sppsret
671 3340 740 3387 enlm
759 3340 817 3386 truc
835 3336 984 3400 propositio
999 3336 1025 3383 in
1042 3336 1084 3383 erl.
1101 3335 1185 3384 Drsk.
1195 3334 1240 3384 nbi
1252 3348 1285 3384 ne

188 3408 268 3457 serbo
279 3407 382 3483 quidem
396 3407 430 3455 ris
447 3404 565 3455 lectionis
584 3404 713 3452 varietate
730 3402 856 3451 monitum
875 3410 926 3458 est,
944 3406 971 3447 et
987 3400 1089 3455 ceteris,
1101 3413 1163 3463 quas
1175 3398 1286 3463 inspexi,

186 3470 364 3531 editicnrbns;
380 3484 430 3520 nee
442 3470 486 3518 ills
498 3470 568 3518 sslsc
580 3481 660 3517 seusu
672 3466 762 3515 abesse
775 3471 872 3529 potest.
904 3462 1005 3515 Quodsi
1025 3462 1093 3512 enirn
1114 3464 1212 3525 captivi
1229 3478 1287 3526 pse·

185 3536 250 3585 sisse
261 3534 308 3584 sab
323 3536 352 3619 jn
390 3546 414 3582 nr
432 3533 503 3583 ruissl
514 3532 634 3595 luissent,
653 3529 721 3581 lsurl
741 3530 769 3579 ln
781 3529 1007 3593 reprehensionem
1028 3527 1179 3577 incurrisset
1195 3528 1285 3577 consul

187 3600 324 3649 Romanus.
380 3596 471 3659 oerisg.

219 3668 234 3711 n
253 3662 408 3727 Prepesitic
418 3662 445 3711 in
462 3658 535 3710 sbest
546 3672 561 3707 a
573 3658 658 3709 inultis
676 3656 833 3723 optimisque
850 3656 963 3707 lise—e
980 3654 1075 3706 Deis&
1087 3654 1204 3705 Gronov.
1215 3656 1285 3705 Dou-

676 3801 788 3855 NOTAE

217 3920 419 3973 *Volsinienses
433 3920 531 3985 seru]
546 3919 590 3969 De
601 3917 715 3969 Volsini·
755 3917 815 3967 tiss·
834 3916 904 3978 sris]
929 3913 1030 3963 ilerum
1053 3910 1131 3961 trinas
1149 3912 1284 3962 civitatum

187 3996 302 4061 ensibus,
320 3994 476 4057 Roselisnls,
492 3994 612 4057 Perosis,
627 3992 715 4045 stris·
755 3992 863 4053 mulera,
881 3988 968 4038 stetim
981 3986 1149 4048 sumersetis,
1159 3985 1286 4036 hodierna

187 4075 255 4123 estio
267 4073 362 4123 dictum
374 4084 462 4135 suprs.
755 4065 825 4129 apud
836 4078 881 4113 nos
891 4062 1062 4113 restituetione
1079 4062 1159 4111 circs
1167 4068 1287 4111 cessata

220 4157 231 4182 θ
253 4148 403 4199 Vestimestis
422 4146 524 4197 nltitssr
536 4142 715 4207 fssssntsqss]
756 4138 972 4202 vigintiquinque
986 4136 1067 4185 millis
1083 4135 1286 4198 libranFrsucl·

188 4222 295 4284 Supple,
304 4223 375 4284 (isto,
387 4223 427 4271 sel
439 4222 570 4285 promisso.
756 4227 843 4263 esrum
854 4210 980 4261 efficeret.

221 4296 234 4331 ὃ
250 4296 343 4353 Mslets
362 4310 465 4359 presses
484 4298 639 4359 qsisgsstsss
665 4293 716 4342 srr't·
791 4288 954 4350 stesstsss
964 4286 1066 4339 stillis:
1078 4286 1148 4353 eris]
1166 4286 1286 4341 necess,
