3150 4942
596 431 666 476 nte.
693 430 742 478 vr.
766 429 850 478 oen.
873 416 903 478 1.
1228 420 1295 485 925

198 569 237 616 et.
254 565 286 616 In
302 565 374 614 Urbe
386 566 479 614 ereecit
492 567 517 616 ln
529 567 583 618 dier
595 569 633 618 rie
647 570 756 620 Petrnrn
774 571 928 636 rnlrerieque
944 571 1037 635 plebis,
1054 573 1123 623 lenre
1138 581 1167 624 et
1184 587 1294 638 corpore

230 644 403 696 creditoribus
415 641 622 698 'eetiel'eeirntlrz
640 647 686 698 red
706 663 787 711 perro
809 665 850 700 roe
866 653 1000 714 ingentem
1018 653 1139 702 moliendi
1159 668 1237 704 eenee
1253 654 1293 706 fit.

230 724 309 774 Febir
321 723 412 786 minor,
424 725 463 774 Μ.
475 725 547 774 Febil
562 725 682 776 Ambueti
694 727 755 788 filie,
772 743 882 777 moernre
894 727 1025 792 diligitur,
1037 731 1104 795 quod
1116 732 1173 795 ipee
1183 733 1214 782 C.
1227 733 1294 782 1.Ιοί-Δ

231 805 274 854 nio
282 805 390 860 Stoloni,
402 805 456 853 riro
466 805 577 869 plebeio,
588 819 660 854 rnror
671 814 757 856 eutem
769 809 826 857 Ser.
835 809 961 872 sulpicio,
970 810 1081 871 petrieio
1091 819 1118 859 et
1129 811 1189 860 trib.
1202 812 1254 861 mil.
1267 828 1293 861 e.

231 897 257 948 p.
277 893 358 948 nnpte
369 892 418 934 ert.
453 885 537 934 Peter
550 885 628 934 tillem
640 887 799 944 conroletur,
810 889 968 952 eonrllleqne
983 890 1031 938 init
1042 904 1099 938 cunr
1112 903 1208 953 genero
1220 899 1247 940 et
1264 893 1293 941 l.

226 963 325 1013 Sextio.
357 967 398 1013 85.
416 964 451 1013 Ηὶ
464 971 585 1013 creantur
594 964 690 1013 tribuni
702 966 785 1028 plebir
798 975 826 1015 et
838 968 999 1030 promulgent
1010 968 1082 1030 leger
1090 969 1124 1018 de
1135 983 1187 1018 ere
1198 971 1292 1027 elieno,

228 1042 261 1090 de
272 1041 346 1090 modo
358 1058 485 1104 egrotum,
495 1058 528 1092 ne
540 1044 596 1107 quie
609 1044 665 1105 pler
677 1057 704 1092 n.
718 1045 814 1108 jngere
822 1047 876 1108 egri
888 1047 1042 1109 possideret,
1050 1055 1077 1096 et
1089 1047 1123 1096 de
1131 1050 1251 1107 comitile,
1259 1065 1292 1100 ne

228 1121 387 1170 tribunorum
410 1123 520 1172 militnm
543 1124 646 1172 comitio
665 1121 738 1180 fient,
759 1125 941 1187 romulumque
962 1127 1055 1190 ntique
1075 1128 1143 1176 niter
1163 1129 1291 1192 explebe

226 1211 337 1250 creetur.
369 1203 463 1252 Petree
480 1203 605 1253 edrerenr
623 1203 774 1254 tribunicios
794 1205 944 1266 rogetinnee
956 1214 1108 1268 eoenperent
1120 1207 1247 1269 oollegee:
1265 1216 1293 1257 et

226 1280 339 1330 lleintnr
348 1281 513 1346 Sextiurqne,
526 1282 622 1332 tribuni
634 1282 717 1344 pleblr
728 1283 821 1346 repinr
837 1281 937 1344 refecti,
951 1297 998 1345 per
1015 1285 1217 1349 qutnquenntun
1235 1287 1292 1334 nul·

227 1360 266 1408 lnr
282 1362 384 1410 curules
403 1363 569 1426 megirtrernr
586 1363 668 1410 crreri
687 1363 830 1426 petlnntnr.
863 1362 1049 1412 edoctorum
1066 1364 1165 1412 tribuni
1183 1366 1219 1426 pl.
1234 1364 1291 1412 reli·

226 1439 331 1489 ciuntur
343 1441 437 1490 letorer
449 1441 543 1502 legum,
555 1447 582 1490 et
594 1440 668 1490 rirnul
680 1442 798 1489 tribuitur
810 1442 861 1490 rnil.
873 1455 896 1490 e.
916 1456 942 1505 p.
953 1449 1058 1491 creetur
1070 1443 1108 1491 Μ.
1123 1443 1217 1491 Feblne
1230 1442 1292 1491 Are·

226 1518 327 1580 buntur,
338 1529 430 1568 enetor
441 1520 581 1570 eerundern
602 1521 685 1583 legum
700 1527 728 1570 et
740 1521 796 1584 jere
812 1535 910 1570 eneror.
942 1525 984 1570 37.
1001 1521 1169 1570 Tribunornnr
1182 1521 1218 1583 pl.
1234 1536 1291 1570 ore·

227 1599 320 1660 doner,
330 1607 357 1648 et
368 1612 433 1648 nore
443 1601 556 1661 rogerio:
575 1609 603 1648 nt
616 1614 663 1662 pro
675 1601 817 1650 duumvirie
827 1601 907 1650 rrerie
914 1600 1043 1650 leniendis
1050 1601 1189 1650 decemviri
1201 1615 1289 1650 creen-

226 1683 276 1732 tnr.
288 1686 315 1726 et
333 1692 393 1741 perr
410 1693 443 1728 ex
461 1679 547 1742 plebe,
563 1694 623 1742 pere
640 1694 672 1728 ex
692 1680 815 1730 Petribrre
829 1679 884 1729 liet·
916 1684 956 1730 ³8.
973 1680 1068 1729 Petree
1079 1679 1176 1742 trepidi
1193 1680 1225 1728 ed
1238 1680 1290 1729 dno

226 1756 316 1805 nltirne
333 1757 438 1820 enxilie,
455 1772 579 1807 rnnrmnrn
600 1759 735 1822 imperium
758 1774 790 1809 eo
812 1760 905 1822 elrern,
924 1758 1073 1810 decurrunt.
1105 1760 1228 1809 Dletetor
1248 1774 1287 1809 rr.

226 1835 322 1885 dicitur
333 1837 372 1885 Μ.
392 1835 485 1885 Fnrlnr
496 1836 629 1898 Cemillue,
646 1839 691 1904 qni
703 1839 777 1887 minin
789 1839 859 1903 plebi
870 1840 963 1888 lnentit
974 1845 1110 1901 terrorem,
1122 1838 1166 1887 red
1179 1838 1287 1887 dncibnr

225 1917 281 1978 ejrr
292 1916 389 1964 enimoe
401 1917 486 1986 potipe
497 1916 628 1978 recendit,
639 1924 677 1979 et,
687 1931 715 1967 re
726 1927 819 1968 nentro
830 1919 966 1978 irretierit,
974 1919 1127 1982 megirtretn
1138 1932 1167 1967 re
1175 1917 1290 1978 ebdim,

224 2001 320 2058 putrer
331 1995 408 2056 forte,
420 2011 448 2044 re
460 1996 524 2046 vitio
539 2005 655 2046 ereetum
674 2011 738 2047 erre.
771 1999 804 2048 Ei
821 1996 948 2048 endieltnr
964 1999 1096 2061 extemplo
1114 1998 1147 2047 P.
1166 1997 1288 2046 blenlinr.

224 2078 266 2124 to.
283 2074 311 2123 le
322 2076 351 2125 C·
364 2075 496 2131 licinium,
508 2077 550 2140 qni
560 2076 678 2126 tribnnne
690 2077 742 2126 mil.
753 2092 777 2126 n.
790 2093 816 2140 p.
828 2077 921 2134 fueret,
932 2079 1042 2141 primore
1055 2077 1204 2138 megletrnm
1217 2077 1288 2140 eqni·

225 2160 280 2201 tnnr
302 2151 335 2202 dr
354 2154 430 2216 plebe
448 2153 523 2215 dicit,
544 2160 572 2204 et
593 2168 621 2202 ro
637 2156 705 2218 epod
723 2155 818 2204 Petrer
836 2165 943 2206 exenrrt
962 2157 1107 2221 propinque
1125 2156 1288 2218 eognetione.

226 2231 382 2297 Rogetioner
393 2233 426 2283 de
437 2231 535 2286 foenere
547 2241 573 2282 et
585 2249 647 2297 egro
653 2233 780 2298 jubentur
791 2249 807 2282 e
818 2233 905 2298 plebe,
916 2233 949 2283 de
961 2231 1064 2298 plebeio
1075 2234 1210 2283 eonenlete
1223 2234 1288 2282 enti·

224 2321 327 2378 qnater.
359 2313 465 2362 sentire
484 2313 649 2378 bleinineqne
667 2313 716 2363 ribi
733 2315 857 2363 honorem
878 2314 1024 2364 continenti
1044 2314 1146 2377 nolunt,
1164 2313 1211 2361 oiri
1226 2327 1289 2364 eon·

218 2392 332 2456 junctim
345 2392 462 2443 ferentur
473 2395 506 2443 eb
526 2407 553 2442 ee
573 2395 743 2456 promulgete
760 2393 840 2456 leger.
872 2397 915 2444 to.
932 2397 972 2442 ⁴1.
990 2392 1126 2444 Adrerrne
1137 2407 1182 2442 eor
1192 2394 1287 2443 bretin-

223 2483 282 2522 nern
294 2472 373 2522 hebet
384 2473 435 2536 Ap.
446 2472 569 2522 Clendinr
581 2473 699 2530 Cmene,
713 2487 795 2536 nepor
813 2473 963 2523 decemviri.
995 2477 1036 2521 ⁴2
1052 2473 1118 2524 Qnre
1130 2472 1204 2521 nendo
1216 2473 1287 2523 velet

221 2552 255 2600 ed
269 2551 452 2613 proferendum
465 2561 567 2615 tempor
579 2553 738 2615 rogationum
745 2551 930 2615 jnbendernrn.
956 2550 1060 2600 liet‘eeti
1068 2551 1196 2599 deeimnrn
1208 2551 1286 2599 iidere

222 2631 330 2692 tribuni,
340 2631 444 2680 Sextlnr
455 2639 481 2678 et
500 2631 623 2694 Lieinlnr,
639 2631 722 2693 legem
744 2629 880 2692 perferent
897 2629 930 2678 de
945 2628 1098 2678 decemviri·
1109 2643 1240 2678 reerornnr
1253 2643 1286 2676 ex

224 2717 297 2774 perte
308 2710 341 2759 de
359 2709 437 2772 plebe
454 2709 582 2759 ereendie.
615 2711 693 2758 Ferne
709 2709 770 2758 belli
783 2709 876 2758 Gelliel
896 2709 984 2770 eilnte,
997 2708 1119 2757 Gemillnr
1135 2707 1247 2757 dictrtnr
1259 2722 1286 2757 v.

222 2787 329 2852 dicitur,
341 2795 367 2838 et
378 2787 405 2836 in
417 2788 516 2837 Albeno
526 2801 589 2850 egro
602 2787 684 2838 rnnlte
694 2787 830 2838 creduntur
842 2787 974 2836 Gallorum
986 2787 1075 2836 millie.
1098 2786 1215 2835 Conrltlir
1225 2799 1284 2836 eon·

224 2866 352 2917 rolerlbnr
371 2867 400 2916 L.
419 2867 523 2916 Seetlnr
542 2867 575 2915 de
591 2865 667 2929 plebe
687 2866 783 2929 primnr
803 2867 892 2914 eonrnl
913 2873 1027 2914 ereetnr.
1061 2864 1165 2926 Petree,
1178 2872 1286 2914 enetore

223 2945 339 3002 Camillo,
350 2959 382 2995 ee
392 2947 450 3009 lego
461 2952 580 2994 errrorer
589 2943 664 3006 fiunt,
676 2951 705 2994 nt
715 2943 873 2993 eoncedetnr
882 2957 898 2992 e
906 2942 983 3007 plebe
992 2943 1119 2992 nnblllreti
1131 2943 1164 2990 de
1174 2948 1285 3006 pretore

222 3039 283 3086 uno,
294 3026 339 3089 qui
345 3027 390 3088 jnr
402 3025 427 3073 in
439 3025 511 3075 Urbe
522 3023 602 3086 dicet,
612 3039 645 3072 ex
658 3023 779 3074 Petribrrr
789 3021 910 3072 orerndo.
943 3022 1084 3071 Ordinibnr
1094 3021 1132 3068 ite
1140 3020 1173 3069 eb
1184 3020 1286 3070 diutine

223 3104 262 3152 ire
278 3103 303 3152 in
321 3103 485 3154 coneordlern
497 3104 618 3160 rodentis,
628 3113 732 3154 eenernr
744 3102 871 3156 decernit,
883 3110 912 3152 nt
923 3101 978 3150 indi
990 3100 1092 3150 mexlnri
1104 3099 1176 3157 fient,
1189 3107 1216 3148 et
1227 3098 1284 3148 dier

224 3195 289 3231 nour
301 3181 333 3232 ed
346 3182 456 3232 triduum
469 3183 615 3248 edjieietnr.
649 3181 838 3233 lioertrentibnr
850 3180 876 3229 id
888 3194 979 3230 nrnnnr
990 3179 1105 3230 edilibnr
1115 3179 1209 3242 plebie‚
1218 3181 1284 3228 reei-

224 3261 295 3325 pitnr
306 3262 589 3326 epetriciirJnreeibnr
600 3275 633 3311 ee
643 3260 800 3323 conditione,
811 3267 839 3310 ut
850 3258 939 3309 ediles
948 3259 1019 3308 fient.

189 3573 223 3637 1.
238 3539 346 3635 Qun
362 3571 407 3633 nb
422 3567 557 3632 condite
567 3567 649 3629 urbo
664 3565 775 3630 Rome
786 3565 829 3629 ed
842 3570 977 3647 neptem
992 3563 1129 3628 eandem
1143 3561 1281 3624 urbem¹

190 3671 336 3737 Romani
358 3670 421 3734 sub
444 3669 576 3749 regibus
595 3667 747 3750 primum,
770 3665 963 3730 consulibus
978 3664 1095 3729 deinde
1118 3682 1158 3726 ac
1174 3661 1282 3725 dicta·

192 3774 330 3847 toribus,
355 3768 617 3850 decemvirisque
643 3787 683 3833 nn
712 3767 855 3831 tribunis
881 3765 1114 3831 consularibus
1137 3781 1282 3846 gessero,

189 3873 272 3936 foris
295 3871 396 3946 bollo,
421 3869 512 3933 domi
534 3869 725 3943 seditiones,
752 3869 902 3952 quinquo
924 3868 1021 3930 libris
1042 3865 1203 3947 exposui3
1225 3881 1281 3925 ros

189 3993 264 4037 cum
280 3977 448 4036 vetustate
463 3970 566 4033 nimia
581 3969 755 4046 obscuras,
769 3969 883 4034 velut²
897 3987 972 4051 quae
987 3985 1106 4048 magno
1121 3984 1166 4028 ex
1180 3965 1281 4027 inter·

643 4133 825 4154 ”nemone

218 4225 235 4284 ἰ
252 4231 429 4292 ‘Vneebolepr
439 4230 521 4284 noea
535 4229 609 4286 ebert
621 4230 648 4286 in
666 4230 796 4285 nonnullis
812 4229 926 4282 Men-2
947 4227 1027 4282 Venit
1042 4225 1157 4278 Gronov.
1173 4225 1281 4290 Donjet.
