3150 4942
559 476 631 523 ure.
654 474 694 524 x.
717 474 799 525 car.
821 458 875 524 30.
1175 462 1263 529 1355

166 618 247 703 quia
261 618 415 683 obrutum
436 618 652 699 superstratis
667 616 840 681 Gallorum
861 618 1004 681 cumulis
1018 624 1099 695 erat,
1123 620 1265 687 inveniri

166 726 230 783 uon
254 720 373 801 potuit.
427 718 569 783 Postero
594 718 649 782 rlie
675 719 843 782 inventum
867 719 1080 803 relatumque
1109 726 1160 784 cst
1188 740 1266 787 cum

166 819 280 884 multis
295 821 435 885 militum
449 818 616 901 lacrymis.
661 816 856 882 Intermissa
869 818 949 883 inde
963 822 1108 884 omniurn
1126 821 1266 887 aliarum
1342 887 1347 899 ,

167 938 272 983 rernm
289 938 378 997 cura,
395 921 520 984 Fabius
534 921 673 1001 collegae
688 920 787 983 sunus
802 924 891 984 omni
906 920 1032 985 bonore
1043 920 1265 1005 laudibusque

167 1020 295 1085 meritis
309 1021 463 1086 celebrat.

210 1120 266 1185 30.
289 1120 334 1185 Et
349 1121 382 1185 in
399 1120 529 1187 Etruria
554 1141 614 1205 per
635 1120 775 1186 eosdem
800 1119 895 1185 diee⁸
921 1122 966 1186 ab
982 1121 1045 1186 On·
1068 1123 1190 1189 Fulvio
1207 1144 1268 1208 pro

168 1228 315 1303 praetore
336 1239 387 1285 res
408 1240 450 1285 ex
470 1222 635 1286 sententia
649 1229 764 1303 geste3
786 1227 831 1297 et,
846 1231 968 1304 praeter
981 1226 1174 1306 ingentem⁹
1195 1225 1269 1291 ille·

168 1328 235 1385 tam
249 1322 524 1404 populationibus
541 1342 691 1403 agrorum
706 1322 797 1386 hosti
808 1323 954 1401 cladem,
969 1331 1151 1407 pugnatum
1163 1326 1268 1389 etiem

168 1424 298 1505 egregie
313 1430 396 1488 eatz.
406 1423 728 1505 Perusinorumque²
742 1430 778 1486 et
789 1422 1002 1489 Clusinorum
1016 1444 1107 1489 caesa
1121 1426 1268 1507 emplius

170 1524 277 1587 millia
291 1526 362 1599 tria,
387 1531 422 1588 et
444 1526 538 1605 signe
552 1526 708 1589 militaria
724 1524 767 1589 ed
782 1525 900 1605 viginti
915 1533 1027 1609 capta.
1071 1526 1271 1590 Samnitium

171 1644 298 1707 agmen,
314 1645 390 1704 cum
408 1645 469 1709 per
483 1626 659 1709 Pelignnm
675 1644 790 1707 agrum
809 1626 946 1706 sugeret,
971 1626 1234 1689 circumventum
1249 1644 1271 1689 e

172 1725 399 1807 Peliguiscst.
442 1727 496 1791 Ex
513 1728 664 1791 millibus
681 1728 827 1809 quinque
838 1726 881 1790 ad
898 1727 989 1791 mille
1004 1728 1099 1791 caesi.
1145 1727 1272 1808 Magna
1310 1768 1314 1775 ·

169 1826 246 1908 ejus
260 1827 342 1903 diei,
364 1846 434 1909 quo
450 1827 485 1906 in
501 1827 663 1891 Sentinati
679 1846 761 1908 egro
784 1827 961 1903 bellatum,
982 1826 1074 1891 fama
1089 1834 1153 1905 est,
1168 1830 1271 1891 etiam

172 1944 251 1990 vcro
267 1927 394 1989 stantis
437 1926 503 1989 Sed
520 1927 730 2009 superjacere
742 1932 769 1963 ¹⁰
792 1926 931 2008 quidam
957 1928 1110 2009 eugendo
1126 1926 1274 2006 tidem3¹¹

173 2027 290 2109 quiin
315 2025 458 2091 hostiurn
483 2027 632 2091 exercitu
660 2026 812 2110 perlitum
839 2026 1055 2109 quadraginta
1081 2027 1188 2091 millia
1209 2032 1273 2091 tre·
1362 2054 1377 2069 e

173 2132 289 2193 centos
318 2127 463 2208 triginta,
491 2129 643 2211 equitnm
667 2147 728 2191 sex
754 2128 898 2203 millie,¹¹
928 2127 1020 2191 mille
1044 2133 1274 2211 carpentorum

173 2228 340 2311 scripsere
359 2227 483 2293 luisset
505 2230 635 2293 scilicet
657 2248 732 2293 cum
754 2227 893 2292 Umbris
912 2227 1112 2311 Tuscisque,
1136 2246 1222 2309 quos
1237 2232 1275 2291 et

174 2328 270 2410 ipsos
282 2348 404 2411 pugnae
419 2328 567 2393 affuisse.
604 2328 659 2405 Et,
674 2336 712 2391 nt
724 2327 955 2391 Romanorum
966 2344 1104 2410 qnoque
1115 2331 1276 2408 augerent

176 2430 306 2511 copias,
316 2428 356 2493 L.
366 2428 578 2494 Volumnium
591 2448 651 2513 pro
668 2428 806 2493 consule
819 2425 935 2492 ducem
945 2430 971 2463 ¹²
985 2426 1196 2505 oonsulibus,
1212 2444 1273 2490 ex·

175 2530 381 2612 ercitumque
395 2530 469 2614 ejus
480 2529 666 2612 legionibus
677 2528 853 2593 consulum
864 2528 1038 2612 adjiciunt.
1069 2526 1110 2591 In
1121 2528 1275 2611 pluribus

177 2630 353 2694 cunalibus
368 2630 507 2695 duorum
522 2652 563 2695 ea
577 2631 753 2695 consulum
775 2630 914 2712 propria
934 2628 1077 2693 victorie
1098 2634 1161 2692 est.
1203 2626 1277 2692 Vo-

176 2729 320 2797 lumnius
340 2733 373 2795 in
392 2731 530 2795 Somnio
551 2732 680 2797 interim
703 2748 755 2795 res
778 2730 873 2810 gerit,
897 2728 1166 2809 Samnitiumque
1180 2744 1274 2791 exer·

175 2830 293 2910 citum,
317 2832 351 2895 in
370 2832 541 2897 Tifernum
565 2838 736 2896 montem¹
758 2827 985 2909 compulsum,
1009 2846 1075 2890 non
1100 2825 1278 2891 deterritus

207 3002 222 3036 ⁴
240 2993 342 3044 Etiamsi
351 2994 406 3059 qeir
415 2994 448 3045 ite
458 3000 561 3059 intere,
572 3007 624 3057 que
634 3005 688 3041 em
696 2994 768 3052 geete
778 2995 843 3046 erret,
852 2988 975 3039 mineat.

639 3132 821 3156 NONJOMOO

213 3234 292 3286 8Α1.
314 3249 356 3299 per
378 3249 416 3285 ece
434 3234 547 3285 ‹lieu-⁰
565 3234 625 3285 Vet.
645 3233 691 3285 lib.
713 3231 782 3297 epod
799 3232 889 3295 Sigon.
906 3244 962 3279 ecee
982 3234 1069 3290 prater
1084 3228 1278 3289 ingenim-1⁰

180 3299 351 3351 scribendum
373 3298 484 3364 putebat
499 3297 526 3350 J.
539 3298 568 3349 l'.
586 3299 702 3349 Gronov.
717 3298 930 3361 supersecta-lt
949 3290 993 3341 ΑΙ.
1010 3292 1116 3355 equitet
1131 3297 1209 3341 ἀεί
1220 3306 1279 3357 pee-

673 3440 785 3494 NO'l'AE

213 3540 457 3604 recusamque]
468 3541 509 3591 De
522 3539 631 3589 Perusia
641 3538 707 3587 l.rx.
749 3536 784 3585 ris
796 3532 900 3595 pbreein
916 3546 949 3581 ex
961 3532 1060 3580 Senece
1072 3544 1116 3579 rrr.
1134 3530 1168 3581 (le
1180 3530 1273 3582 Benei.

182 3634 208 3670 e.
220 3622 261 3667 ³⁷.
750 3626 775 3661 c.
786 3614 828 3659 ³2.
844 3610 924 3659 ‘Nee
943 3605 1070 3656 benefici·
1090 3612 1226 3670 petentum
1239 3622 1282 3657 eu·

215 3702 227 3727 ⁸
244 3686 709 3755 Seperjeeereqae'emageeeosteen]
752 3699 825 3735 orum
837 3680 1034 3747 superjacient!
1058 3680 1091 3729 ln
1102 3680 1212 3730 eundem
1224 3694 1282 3729 een·
1369 3680 1375 3689 '

185 3768 245 3819 Non
266 3765 444 3829 improbabilis
467 3764 594 3815 Gronovii
613 3776 711 3817 murce,
752 3761 861 3811 tentiam
881 3758 945 3808 Tun.
955 3758 1040 3807 Faber
1051 3756 1089 3805 ait
1099 3756 1279 3816 metaplrorern

183 3857 322 3910 eepmceere
332 3844 434 3906 quidun,
445 3841 647 3907 angadejiderrr:
664 3838 710 3889 sed
752 3851 819 3898 eree,
828 3844 858 3886 ut
869 3833 938 3897 epurl
952 3834 1044 3882 lloret.
1060 3832 1147 3892 ‘repe
1167 3836 1238 3878 trane
1249 3828 1280 3878 ti·

184 3922 305 3987 quoniam
317 3919 422 3969 cedices
441 3920 541 3969 veriore
561 3932 612 3967 nen
632 3930 712 3980 eppe·
754 3926 812 3960 nem
826 3910 915 3973 jaculo
929 3903 1081 3968 expedito?
1100 3910 1128 3953 et
1137 3904 1282 3967 erpnjeeere

187 4004 239 4058 ret,
248 3995 367 4048 standum
380 3994 437 4058 ejus
450 3993 627 4057 explicationi,
636 4005 713 4055 quem
753 4001 811 4036 eree
822 3986 853 4034 ei
870 3979 1058 4044 ὑπερακοντίζειν
1074 3978 1237 4042 (incoram,
1254 3978 1282 4029 iel

186 4074 259 4125 uelut
271 4071 390 4121 dubitans
401 4070 538 4133 proponit:
556 4074 585 4117 nt
602 4067 645 4123 rit,
662 4065 714 4129 qui·
754 4058 1014 4121 contrajacentem.

185 4151 242 4197 den
262 4148 378 4209 awende,
400 4157 532 4193 nnmerum
555 4143 596 4191 rei
611 4140 714 4204 semem,
786 4144 800 4170 ¹
816 4136 847 4184 le
860 4133 983 4194 Tifernum
992 4132 1106 4195 neam]
1123 4130 1167 4181 De
1176 4129 1282 4184 'literne

187 4222 329 4284 superiecere
343 4220 429 4285 fidere,
449 4218 476 4269 id
497 4224 547 4273 eet.
560 4218 652 4281 jecere
673 4228 715 4263 rer
754 4217 844 4262 monte
854 4218 883 4261 et
892 4208 990 4274 oppido
1001 4206 1046 4259 lib.
1058 4220 1098 4258 rx.
1109 4220 1133 4262 c.
1144 4210 1185 4259 44.

187 4312 269 4362 cupre
278 4296 363 4349 tidem
379 4295 497 4347 Adiecit
507 4292 625 4357 ejusdem
637 4302 714 4354 pene·
