3150 4942
245 466 252 479 .
304 402 390 469 1260
775 420 810 469 r.
836 421 929 467 ervit

303 565 381 629 dum
404 581 497 627 arma
515 562 664 645 capiunt,
689 565 837 627 sarcinas
857 569 1037 645 congerunt
1059 562 1094 625 in
1117 562 1286 628 medium:
1309 565 1400 643 dein,

300 674 493 749 postquam,
515 663 713 746 utquisque
740 664 936 736 liberaverat
957 684 993 727 se
1014 684 1125 741 onere,
1150 674 1401 747 aptaveratque

301 768 471 845 armis,¹⁷’
495 766 538 830 ad
554 767 647 848 signa
662 766 810 849 undique
825 768 970 842 coibunt,
989 773 1034 842 et,
1053 766 1144 830 notis
1165 766 1339 829 ordinibus
1363 768 1400 828 in

299 874 411 933 vetere
439 866 620 950 disciplina
649 868 789 944 militiae,
814 869 885 952 jam
913 868 983 929 sine
1006 872 1177 949 praecepto
1206 867 1310 931 ullius
1336 886 1401 931 sua

301 978 423 1053 sponte
438 970 629 1033 struebatur
641 970 744 1047 acies,
757 971 889 1047 consul,
900 970 942 1032 ad
956 969 1137 1050 ancipitem
1150 970 1297 1033 maxime
1311 988 1397 1051 pug-

246 1096 252 1109 ’
298 1088 375 1134 nam
389 1070 575 1145 advectas,t
597 1070 712 1134 desilit
723 1090 765 1133 ex
778 1090 878 1152 equo,
887 1068 1052 1133 etJovem
1065 1068 1278 1151 Martemque
1293 1079 1398 1153 atque

299 1171 541 1237 aliostestatur
560 1170 667 1247 Deos,
694 1175 763 1242 ‘se,
787 1169 912 1234 nnllam
936 1188 1033 1232 suam
1057 1170 1196 1251 gloriam
1219 1169 1310 1245 inde,
1335 1171 1397 1235 sed

298 1272 449 1356 praedam
466 1272 564 1335 militi
575 1278 793 1356 querentem,
802 1274 838 1335 in
851 1290 927 1334 eum
937 1270 1051 1335 locum
1066 1269 1264 1349 devenisse3
1290 1290 1395 1354 neque

298 1375 333 1437 iu
351 1392 388 1437 se
403 1371 505 1450 aliud,
520 1393 619 1456 quam
635 1373 769 1436 nimiam
795 1371 923 1436 ditandi
948 1390 992 1434 ex
1017 1370 1113 1435 boste
1135 1370 1254 1433 militis
1268 1390 1396 1446 curam,

298 1471 494 1555 reprebendi
525 1492 647 1554 posse:
669 1473 713 1535 ab
741 1492 782 1535 eo
805 1492 843 1535 se
864 1470 1028 1536 dedecore
1043 1463 1165 1535 nnllam
1189 1491 1257 1534 rem
1281 1473 1398 1549 aliam,

261 1570 271 1585 '
298 1576 399 1655 quam
416 1576 568 1639 m'rtutem
580 1574 733 1649 miiitum,
749 1574 1002 1638 vindicaturam.
1025 1570 1396 1636 connitereuturmodo

297 1690 365 1737 uno
389 1675 500 1737 animo
518 1664 633 1737 omnes
654 1674 809 1739 invadere
837 1676 978 1751 bostem,
1004 1674 1129 1739 rictum
1159 1675 1247 1749 acie,
1269 1676 1397 1739 castris

297 1782 448 1851 exutum,
463 1773 622 1839 nudatum
637 1776 787 1853 urbibus,
803 1775 955 1839 ultimam
978 1793 1073 1857 spem
1087 1773 1175 1838 farto
1197 1774 1393 1839 iusidiamm

295 1878 504 1952 tentantem·
525 1883 559 1940 et
581 1876 668 1952 loco,
689 1867 752 1939 non
774 1876 886 1951 armis,
912 1874 1063 1939 fretum·
1084 1873 1154 1936 Sed
1174 1892 1275 1956 quem
1290 1874 1393 1939 eese⁸

288 1975 362 2063 jam
385 1976 498 2041 virtuti
516 1974 679 2041 Romanae
701 1976 993 2059 inexpugnabilem
1013 1972 1172 2038 locum't'
1195 1972 1393 2055 Fregellana

295 2094 358 2141 arx
374 2076 580 2160 Soranaque,
594 2082 627 2140 ct
649 2077 852 2161 ubicumque
866 2077 982 2158 iniquo
1006 2093 1202 2139 successum
1216 2082 1288 2137 erat
1300 2076 1394 2153 loon,

295 2180 577 2243 memorabantur.
624 2176 689 2241 His
718 2196 879 2242 accensus
907 2176 1017 2253 miles,
1044 2176 1192 2239 omnium
1220 2175 1394 2241 immemor

294 2277 552 2355 difficultatium,
567 2276 659 2344 vadit
674 2278 838 2343 adversus
853 2278 1073 2341 imminentem
1089 2276 1233 2339 bostium
1256 2280 1393 2341 aciem-⁹

294 2378 350 2443 Ibi
360 2380 496 2462 paulum
511 2378 637 2442 laboris
648 2386 674 2416 ¹⁰
694 2378 767 2457 suit,
783 2372 913 2441 dum‘in
927 2378 1102 2441 adversum
1118 2375 1241 2440 clivum
1257 2377 1393 2459 erigitur

295 2498 428 2561 agmen:
453 2484 607 2554 cetemm,
621 2484 798 2560 postquam
808 2479 915 2561 prima
929 2479 1023 2559 signa
1034 2476 1211 2559 planiciem
1226 2496 1391 2541 summam

294 2584 464 2659 ceperunt,
476 2579 647 2662 sensitque
663 2580 755 2642 acies
770 2596 869 2661 aequo
891 2598 928 2642 se
945 2578 1016 2661 jam
1038 2577 1205 2640 institisse
1218 2575 1305 2654 loco,
1320 2596 1390 2641 ver-

294 2697 354 2743 sus
371 2678 544 2761 extemplo
555 2684 605 2741 est
616 2685 721 2741 terror
734 2678 768 2740 in
781 2678 1005 2754 insidiatores,
1017 2676 1218 2759 easdemque
1228 2675 1389 2755 latebras,

294 2779 417 2873 quibus
444 2798 481 2842 se
498 2780 600 2863 paulo
616 2790 695 2843 ante
712 2785 872 2856 texerant,
893 2777 998 2860 palati
1017 2784 1119 2860 atque
1145 2778 1286 2841 inermes
1308 2778 1390 2861 t'uga

293 2879 507 2961 repetebant:
531 2877 589 2942 sed
605 2878 681 2943 loca
703 2876 866 2956 difficilia,
889 2876 976 2941 besti
999 2877 1184 2960 quaesita,³¹
1206 2877 1304 2959 ipsos
1319 2886 1390 2945 tum

325 3063 338 3089 ⁸
355 3056 477 3133 Pandam
489 3072 535 3120 qao
554 3060 656 3123 ormi,
673 3059 815 3121 ahimai.
832 3070 902 3118 aequ
917 3055 993 3104 ernis
1008 3059 1064 3118 apte
1081 3054 1216 3117 mmpedtir
1231 3056 1265 3102 «d
1278 3055 1391 3118 pmii·

293 3126 726 3241 mmmmm
736 3154 1371 3246 ammana-nmmum

750 3324 930 3347 000οΝ000000

294 3422 396 3471 zonara
407 3436 470 3471 νιιι.
480 3426 502 3472 l.
515 3424 582 3487 conj.
594 3423 620 3473 irc
630 3427 717 3474 milam
728 3424 902 3473 Auem-r
918 3422 980 3471 via.
989 3422 1054 3472 Not.
1062 3420 1160 3471 ind-8
1172 3422 1323 3484 legendam
1334 3438 1389 3473 no-

293 3494 339 3533 net
352 3486 443 3544 Sigon.
458 3488 560 3549 Ecquem
570 3493 678 3537 ena-e
694 3489 729 3537 Di
793 3493 869 3536 um·
882 3487 998 3537 Gronov.
1012 3486 1118 3549 Daniel.
1130 3487 1317 3535 (irenica-lb
1331 3488 1389 3537 Aei-

293 3549 397 3663 Ἥὸί
413 3551 563 3613 paululant.
583 3551 692 3601 ild-ll
734 3559 771 3602 ct.
789 3552 835 3600 lib.
855 3551 923 3614 apud
941 3550 1028 3613 Sigan.
1044 3551 1087 3600 red
1102 3550 1389 3616 mammarum

292 3628 324 3677 qr
377 3628 400 3663 a.

784 3692 890 3745 NOTAE

300 3816 304 3831 ·
324 3796 335 3831 t
353 3788 528 3852 aptaveratque
537 3786 621 3852 nmis]
636 3787 724 3835 Vellet
738 3785 820 3835 Grau.
859 3786 935 3842 diali,
951 3793 1063 3851 ‘aptam
1075 3787 1197 3836 tunulum
1207 3787 1309 3850 digito!

291 3876 368 3917 arm,
387 3863 408 3910 ri
428 3864 485 3927 quis
506 3872 580 3912 retur
593 3862 659 3911 liber
676 3868 818 3925 pateretur.
889 3861 1325 3926 ¹Uitiuneprnfumiaridim
1335 3868 1385 3911 tu-

291 3938 367 4000 cnjus
379 3938 515 3988 sententie
525 3950 576 3985 non
589 3936 720 3985 illibenter
731 3948 817 3985 neces·
858 3938 959 4001 turen]
969 3938 1109 3999 Samnites,
1117 3946 1262 3988 extrem
1274 3952 1349 4001 spem
1358 3940 1386 3988 in

289 4014 376 4062 nerim.
409 4014 466 4061 Nec
479 4022 565 4064 tamen
583 4012 718 4076 rejecerim
735 4010 765 4059 ri
774 4028 817 4075 ep·
856 4010 947 4063 stende
957 4014 1126 4075 collocantes,
1140 4014 1253 4077 experiri
1264 4014 1385 4064 volebant

290 4088 344 4134 lora
357 4100 383 4135 ee
400 4086 666 4149 arrrir‚praeoqnod
683 4086 818 4135 esturmi·
857 4102 917 4137 num
936 4090 1175 4153 victorianensem
1192 4098 1286 4153 aperto
1299 4098 1385 4140 marte

290 4173 321 4208 aa
332 4169 394 4223 apte
411 4160 529 4223 induere,
539 4170 591 4210 ‘nat
607 4170 695 4223 uptun
708 4160 825 4210 reddere·
857 4160 968 4223 aufem,
986 4176 1027 4213 ac·
1039 4164 1171 4227 ripalta*
1182 4165 1388 4229 raperenequi·

291 4232 323 4284 nd
343 4248 470 4299 pugnam:
489 4250 540 4299 qna
561 4236 659 4287 ratione
679 4236 818 4287 Suetonius
856 4246 925 4301 mut,
943 4236 1034 4292 batim
1052 4247 1134 4303 atque
1151 4238 1389 4291 owner-inunita
