3150 4942
559 480 630 529 urs.
655 478 695 526 x.
717 480 801 528 osu.
823 462 878 527 36.
1191 465 1279 531 1365
1335 539 1339 547 .

182 626 337 691 Romana
353 596 459 706 sigua,
474 623 645 705 externplo
671 642 693 686 a
716 622 824 704 primo
851 618 1053 686 Samnitium
1079 623 1209 702 ngrnine
1232 626 1278 689 ad

181 726 398 793 novissimum
414 725 565 789 fremitus
578 723 750 807 perfertur,
773 723 904 798 ‘Exire
920 720 963 786 ¹id
986 722 1076 807 quod
1092 724 1277 805 timuerint,

181 828 224 893 ad
239 826 486 911 impediendum
504 826 567 889 iter
581 824 764 889 Romanos.
809 823 949 889 Nullam
957 824 1034 889 inde
1048 844 1090 888 ne
1100 825 1190 907 fugae
1202 830 1278 909 qui.-

181 930 255 994 dem
266 936 378 1011 patere
392 928 493 994 viam.
537 926 604 991 Illo
615 926 691 990 loco
706 933 765 990 aut
780 925 966 991 cadendum
979 944 1068 1004 esse,
1080 932 1149 1005 aut,
1162 929 1278 992 stratis

180 1031 341 1108 hostibus,
352 1050 411 1115 per
426 1048 566 1112 corpora
579 1047 692 1091 eorum
708 1026 941 1092 evadendum!

222 1131 277 1195 36.
301 1131 339 1195 In
356 1130 468 1197 medio
478 1138 504 1180 ¹⁷
520 1130 672 1193 sarcinas
688 1129 894 1213 conjiciunt3
917 1127 1037 1191 armati
1051 1127 1123 1192 suis
1137 1131 1280 1213 quisque

181 1232 354 1297 ordinibus
370 1234 537 1297 instruunt
549 1232 666 1296 aciem.
710 1230 732 1295 J
736 1250 791 1295 am
807 1232 966 1311 exiguum
981 1232 1066 1294 inter
1081 1230 1168 1294 duas
1185 1233 1279 1295 acies

180 1335 436 1416 eratspatium,
463 1340 497 1397 et
521 1334 658 1397 stabant
686 1338 918 1417 expectantes,
945 1331 1024 1397 dum
1052 1333 1096 1395 ab
1124 1333 1279 1397 hostibus

179 1434 272 1517 prius
286 1436 442 1518 impetus,
457 1434 551 1519 prius
567 1434 693 1498 clamor
707 1435 880 1518 inciperet.
924 1433 1066 1498 Neutris
1082 1434 1212 1499 animus
1227 1443 1279 1498 est

180 1535 225 1600 ad
239 1536 461 1619 pugnandum.
505 1535 706 1619 Diversique
720 1536 840 1618 integri
855 1542 955 1618 atque
975 1532 1095 1599 intacti
1115 1535 1279 1608 abissent,

180 1636 215 1700 ni
230 1638 361 1701 cedenti
375 1640 570 1703 instaturum
585 1640 721 1703 alterum
735 1637 935 1702 timuissent.
979 1637 1050 1701 Sua
1062 1643 1182 1721 sponte
1193 1639 1279 1701 inter

179 1738 305 1801 invitos
320 1739 648 1821 tergiversantesque
663 1739 774 1820 segnis
790 1758 913 1821 pugna,
928 1738 1073 1802 clamore
1087 1740 1215 1803 incerto
1230 1746 1280 1803 at·

180 1858 247 1920 que
275 1840 408 1921 impari,
439 1838 569 1921 ooepit:
598 1858 661 1903 uec
689 1840 837 1919 vestigio
868 1842 1045 1922 quisquam
1073 1842 1279 1905 mouebatur.

179 1938 267 2002 Tum
288 1939 406 2003 consul
430 1938 618 2018 Romanus,
634 1947 673 2005 nt
693 1960 760 2004 rem
776 1940 963 2017 excitaret,¹
982 1941 1130 2022 equitnm
1152 1958 1279 2023 paucas

180 2048 306 2104 turmas
327 2046 424 2103 extra
443 2039 592 2105 ordinem
614 2041 769 2105 immisit:
792 2060 931 2123 quorum
952 2059 1030 2103 cum
1051 2040 1200 2124 plerique
1220 2039 1279 2103 de·

179 2142 266 2225 lapsi
285 2160 327 2207 ex
344 2141 443 2224 equis
456 2152 579 2220 essent,
594 2149 628 2206 et
644 2141 704 2206 alii
717 2143 857 2222 turbati3
879 2148 912 2205 et
926 2142 971 2205 ab
988 2142 1189 2205 Samnitium
1204 2142 1279 2207 acie

180 2242 224 2306 ad
239 2242 478 2327 opprimendos
492 2262 561 2322 eos,
575 2243 634 2326 qui
649 2242 853 2320 occiderant,
866 2249 900 2306 et
914 2242 958 2306 ad
973 2261 1056 2306 suos
1070 2242 1213 2306 tuendos
1234 2244 1279 2312 ab

180 2342 346 2409 Romanis
357 2363 551 2428 procursum
563 2351 625 2409 est.
663 2344 747 2408 Inde
760 2343 934 2427 paululum
949 2342 1076 2407 irritata
1089 2361 1200 2425 pugna
1211 2350 1279 2423 est;

180 2444 240 2508 sed
264 2444 438 2528 aliquanto
462 2452 497 2509 et
519 2444 659 2529 impigre
681 2446 799 2525 magis,
821 2449 856 2507 et
876 2444 991 2526 plures
1012 2443 1279 2526 procurrerant¹⁸

180 2544 360 2624 Samnites,
371 2553 407 2611 et
421 2546 574 2611 turbatus
589 2564 693 2629 eques
706 2564 770 2609 sua
780 2545 856 2627 ipse
865 2544 1035 2609 subsidia!
1051 2543 1169 2609 territis
1181 2544 1279 2626 equis

179 2647 401 2732 proculcavit.¹
443 2646 537 2711 Hinc
552 2646 633 2728 fuga
648 2651 882 2730 coeptatotam
896 2647 1019 2709 avertit
1033 2645 1138 2708 aciem
1153 2642 1278 2708 Roma
1359 2654 1362 2659 “

178 2766 265 2813 nam.
317 2747 464 2832 Jamque
488 2748 524 2813 in
550 2753 643 2831 terga
664 2746 859 2828 fugientium
884 2745 1051 2829 Samnites
1077 2746 1279 2826 pugnabunt,

181 2869 258 2915 oum
280 2850 410 2929 consul,
423 2869 512 2933 equo
528 2855 715 2933 praevectus
730 2846 774 2911 ad
788 2852 924 2929 portam
938 2854 1132 2920 castrorum,
1148 2864 1190 2909 ac
1212 2852 1280 2909 sta·

180 2950 272 3015 tione
295 2952 444 3035 equitnm
464 2949 512 3014 ibi
527 2948 699 3033 opposita,
715 2946 908 3027 edictoque,
924 2949 996 3021 ‘ut,
1010 2945 1214 3026 quicumque
1235 2946 1279 3010 ad
1358 3020 1361 3026 ¹

180 3052 305 3116 vallum
332 3050 520 3127 tenderet,¹⁹
546 3052 618 3114 siue
640 3048 697 3113 ille
720 3047 906 3120 Romanus,
927 3046 1000 3109 sire
1021 3045 1157 3108 Samnis
1180 3054 1279 3124 esset,

180 3170 242 3236 pro
267 3152 364 3217 hoste
389 3151 576 3232 haberent;'
605 3152 677 3215 baec
702 3151 779 3233 ipsa
798 3148 964 3226 minitans,
990 3146 1122 3209 obstitit
1146 3146 1279 3228 profuse

181 3254 394 3319 tendentibus
418 3255 490 3319 suis
504 3255 539 3317 in
554 3261 675 3318 castra.
721 3256 731 3289 ⁶
747 3250 828 3329 Quo
843 3247 979 3333 pergis,’
998 3247 1119 3330 inquit,
1134 3247 1279 3310 ‘milest

183 3362 219 3419 et
239 3354 295 3419 hic
318 3373 410 3419 arma
432 3362 468 3419 et
489 3356 579 3419 uiros
600 3354 769 3434 invenies3
791 3371 865 3429 nec,
882 3351 961 3416 vivo
980 3350 1116 3413 consule
1130 3355 1201 3424 tuo,
1215 3348 1280 3411 nisi

182 3456 290 3521 victor
313 3462 423 3519 castra
443 3434 590 3519 intrabis.
635 3453 779 3518 Proinde
795 3452 892 3533 elige,
906 3470 981 3515 cum
996 3449 1084 3527 cive,
1105 3469 1147 3514 an
1168 3450 1279 3527 hoste,

181 3573 330 3640 pugnare
344 3552 462 3617 malis!
506 3554 594 3617 Haec
609 3552 738 3617 dicente
751 3551 901 3629 consule,
913 3550 1044 3634 equites
1058 3550 1188 3617 infestis
1202 3570 1278 3614 cus-

215 3728 227 3752 ¹
245 3722 299 3777 Quo
309 3722 444 3772 reeenderrt
453 3732 567 3783 pugnum.

644 3792 827 3814 mom

218 3884 247 3930 17
267 3880 298 3928 ln
317 3880 419 3929 medium
439 3872 662 3929 annuntiatae.
683 3876 798 3927 Gronov.
817 3876 883 3940 legit
903 3872 1141 3936 Kreyssiginr.-1t3
1157 3872 1219 3919 vet.
1235 3868 1279 3917 lib.

184 3942 254 4009 apud
278 3944 371 4008 Sigon.
393 3946 634 4006 provenerunt-19
656 3942 776 4003 Pergae
801 3940 916 3992 Gronov.
937 3937 1046 3999 Doujat.
1066 3935 1183 3985 Crevier.
1204 3934 1280 3983 stt-

681 4066 788 4119 NOTAE

187 4169 269 4219 benu'
295 4170 349 4220 Hie
368 4168 457 4219 tibur.
476 4164 510 4215 nd
530 4164 587 4215 Att.
604 4164 654 4227 Ep·
674 4168 713 4213 11.
752 4159 901 4212 crudelior!

184 4244 241 4294 ‘Et
251 4258 302 4307 qno
313 4244 357 4295 ilie
368 4258 409 4293 me
420 4242 558 4294 certiorem
573 4243 631 4291 ruit
647 4250 713 4294 erre.
782 4245 795 4280 ¹
811 4236 862 4286 San
877 4237 930 4299 ipse
944 4232 1062 4296 mbeidin]
1084 4232 1136 4281 Eor
1154 4229 1198 4293 qui
1220 4243 1281 4292 pro·

187 4334 219 4372 eo
231 4320 311 4384 magis
329 4321 417 4384 timeo,
435 4333 468 4369 aa
487 4319 514 4368 tn
531 4330 589 4368 enm
604 4314 713 4373 eatstan:
753 4319 891 4364 carnemt
900 4310 933 4361 nd
943 4308 1076 4360 terendam
1087 4307 1151 4371 ipris
1162 4319 1247 4367 nprnr.
