3150 4942
534 424 606 513 nin.
633 424 716 473 vrri.
731 426 821 475 ‚cra
843 409 899 473 ³2,
1179 408 1265 478 1175

162 572 200 637 st
226 582 424 635 consensum
450 568 615 636 exercitus
637 568 790 645 eundern,
814 569 931 652 quiin
955 568 1075 651 praelio
1098 570 1205 649 fuerit,
1227 574 1264 641 iu

162 674 293 739 tuenda
319 671 460 737 victorie
486 670 610 747 videat,
636 676 670 733 et
693 670 839 733 salutem
866 671 967 733 unius
993 673 1149 737 omnibus
1175 694 1265 741 cures

162 795 259 856 csse;
283 775 520 839 inclinaturum
543 773 586 837 ed
612 773 860 837 clementiorem
884 774 1079 839 sententiam
1107 776 1265 839 animum.

163 878 342 941 Postremo
366 894 404 938 se
430 874 533 941 vitam
558 874 776 957 fortunasque
802 893 884 939 snas
909 876 1040 940 illorum
1061 876 1139 941 fidei
1163 878 1266 941 virtu·

161 979 257 1060 tique
269 974 481 1064 permittere!
617 984 634 991 ”
677 986 679 989 ’

205 1078 260 1145 32,
284 1079 420 1144 Clamor
446 1099 465 1143 e
488 1084 560 1144 tota
582 1080 743 1143 concione
764 1087 873 1158 ortus,
895 1080 943 1142 uti
968 1081 1093 1144 bonum
1116 1082 1264 1147 enimam

162 1183 319 1247 haberet:
342 1182 503 1245 neminem
516 1180 565 1245 illi
579 1181 649 1251 vim
662 1180 853 1255 allaturum,
870 1180 976 1243 solvis
986 1180 1176 1262 legionibus
1192 1183 1266 1247 Ro·

162 1283 280 1349 manis.
334 1281 439 1347 Haud
458 1282 570 1346 ¹multo
595 1285 676 1365 post
701 1282 843 1347 dictator
867 1281 1023 1345 advenit:
1054 1284 1266 1367 classicoque

75 1450 84 1478 κ
139 1422 142 1436 ·
162 1383 332 1467 extemplo
354 1384 399 1450 ed
418 1382 619 1447 'concionem
642 1382 848 1447 advocavit·
891 1383 990 1461 Tum,
1005 1384 1138 1449 silentio
1161 1386 1266 1463 facto,

163 1504 278 1569 praeco
300 1484 345 1563 Q.
361 1484 502 1549 Fabium
525 1486 716 1565 magistrum
732 1484 880 1567 equitnm
896 1484 1026 1547 citavit.
1072 1483 1142 1562 Qui
1164 1488 1266 1552 simul

163 1607 209 1652 ex
220 1586 369 1651 inferiore
379 1587 456 1651 loco
468 1586 510 1651 ad
522 1586 664 1652 tribunal
675 1587 834 1668 accessit3
855 1592 925 1648 turn
935 1586 1088 1663 dictator,
1101 1593 1111 1623 ‘
1122 1587 1268 1667 Quaeross

161 1690 282 1773 inquit,
299 1687 363 1753 ‘de
385 1698 429 1765 tc,
447 1687 492 1766 Q.
509 1688 607 1766 Fabi,
622 1708 697 1751 curn
713 1706 879 1753 summum
899 1688 1076 1770 imperium
1092 1689 1267 1758 dictatoris

162 1792 221 1869 sit,
236 1797 441 1873 pereantque
454 1790 486 1854 ei
503 1789 673 1865 consules,
683 1789 774 1870 regia
786 1793 958 1871 potestas?
974 1795 1135 1870 preetores
1146 1791 1267 1856 iisdem

163 1892 341 1977 auspiciis,
356 1891 480 1973 quibus
503 1890 673 1968 consules,
698 1890 816 1967 creati,
840 1907 976 1969 aeqnurn
991 1909 1134 1955 censeas
1149 1911 1267 1971 necne,

162 1995 354 2075 magistrum
377 1992 525 2075 equitum
547 1992 640 2057 dicto
663 1991 854 2056 audientem
868 1992 970 2053 esset
1015 1991 1169 2076 Itemque
1185 1994 1268 2059 illud

162 2095 340 2176 interrogo,
364 2112 440 2157 cnm
466 2113 521 2157 me
542 2094 682 2157 incertis
703 2093 869 2173 auspiciis
893 2089 1079 2173 protectum
1103 2094 1147 2156 ab
1168 2092 1268 2158 domo

164 2197 297 2271 scirem,
311 2200 420 2259 utrum
435 2194 516 2257 mihi
533 2194 676 2257 turbatis
692 2193 911 2273 religionibus
924 2192 1131 2274 respublica
1145 2196 1178 2256 in
1200 2194 1269 2257 dis·

164 2302 289 2365 odmen
312 2296 551 2363 committenda
565 2298 677 2375 fuerit,
693 2316 737 2360 an
751 2296 905 2379 auspicia
919 2294 1112 2379 repetenda,
1128 2316 1169 2360 ne
1184 2295 1269 2380 quid

164 2402 278 2465 dubiis
303 2400 381 2465 Diis
408 2400 564 2481 agerent
618 2396 727 2462 Simul
751 2396 846 2474 illud,
871 2416 947 2479 ques
974 2397 1129 2463 dictatori
1151 2399 1268 2481 religio

164 2502 406 2583 impedimento
433 2500 477 2564 ad
503 2519 572 2564 rem
599 2498 775 2579 gerendam
800 2498 915 2574 fuerit,
941 2517 1020 2560 num
1046 2516 1088 2561 ee
1112 2500 1271 2580 magister

165 2604 316 2685 equitum
339 2604 467 2667 solutus
482 2622 523 2667 ac
537 2602 622 2665 liber
637 2599 781 2683 potuerit
795 2600 895 2662 esset
938 2597 1007 2662 Sed
1023 2598 1103 2681 quid
1118 2619 1182 2681 ego
1196 2602 1270 2666 haec

164 2704 359 2785 interrogol
381 2724 468 2775 cum,
484 2704 513 2767 si
536 2722 599 2785 ego
622 2702 749 2765 tacitus
773 2700 929 2775 abissem,
945 2703 1056 2765 lamen
1069 2701 1128 2765 tibi
1150 2701 1194 2765 ad
1209 2722 1269 2766 vo-

164 2804 302 2871 luntatis
315 2806 616 2889 interpretationem
633 2822 716 2867 meae
730 2801 906 2884 dirigenda
916 2808 974 2865 tua
988 2803 1148 2866 sententia
1161 2802 1269 2869 fucrit.

166 2902 259 2981 Quin
283 2916 319 2970 tu
343 2906 537 2989 respondes,
559 2906 777 2979 vetuerimne,
802 2909 835 2965 tc
856 2902 1035 2984 quicquam
1058 2903 1118 2979 rei,
1138 2922 1191 2967 me
1210 2905 1268 2968 ab·

166 3012 272 3078 sente,
298 3008 420 3089 ageret
451 3007 664 3083 vetuerimne,
689 3005 885 3086 signanum
913 3002 1066 3065 hostibus
1092 3003 1268 3069 conferret

119 3174 125 3186 ,
167 3102 247 3185 Quo
271 3115 309 3172 tu
333 3108 475 3191 imperio
499 3128 573 3173 meo
598 3114 741 3192 spreto,¹
765 3103 904 3169 incertis
925 3105 1103 3187 auspiciis,
1127 3106 1270 3171 turbatis

199 3283 213 3307 ⁸
230 3276 265 3324 Et
273 3275 357 3325 mim
367 3273 497 3325 accitu
506 3275 576 3336 siguo
587 3272 650 3324 tubo
662 3271 818 3331 mittimur
827 3272 859 3319 cd
868 3269 1009 3320 censbam

663 3416 770 3470 NOTAE

201 3516 432 3579 ¹Coeeetce,regio
442 3515 558 3580 potestne]
584 3514 697 3579 Appoei·
738 3511 909 3574 dicantem
925 3510 966 3573 cl,
986 3512 1036 3572 rel,
1056 3512 1081 3560 rt
1099 3507 1143 3574 ll,
1159 3514 1269 3578 ntepnd

169 3592 241 3643 tione
250 3591 373 3642 describit
381 3592 426 3655 jue
438 3592 579 3650 consulum,
588 3604 697 3655 quorum
738 3588 794 3637 Cic.
819 3588 932 3638 ‘Martie
943 3589 1044 3651 signnm
1060 3602 1112 3653 quo
1124 3590 1186 3639 mibi
1198 3592 1270 3653 pecie

167 3668 240 3731 regie
252 3672 379 3729 potestne,
391 3665 418 3714 id
430 3674 480 3727 eet,
490 3666 533 3729 qul
541 3664 631 3715 eedem
643 3662 698 3713 fere
739 3663 840 3712 auctori
852 3663 872 3711 ἒ·
894 3662 947 3713 ilic
960 3671 1046 3713 temen
1059 3678 1150 3713 revere
1165 3664 1271 3727 ponitur

168 3748 300 3805 potestate
318 3740 431 3805 prediti,
450 3754 500 3805 qrte
520 3740 591 3804 prius
607 3754 698 3803 regen
738 3739 802 3789 illud
814 3754 860 3803 qno
871 3741 990 3791 reletive.
1023 3740 1089 3790 Corn
1105 3740 1174 3789 enirn
1191 3739 1271 3787 diris·

167 3818 218 3867 niti
230 3818 299 3881 quod
311 3816 337 3865 lii
348 3816 400 3865 duo
412 3817 499 3879 annul,
512 3830 559 3879 pro
572 3830 622 3865 nno
640 3829 699 3879 per·
739 3822 781 3863 eet
792 3814 913 3878 Papiriae
926 3830 972 3877 per
982 3815 1224 3877 interrogationem,
1240 3827 1270 3863 ee

168 3902 308 3957 petroque.
327 3892 450 3941 ceterum
460 3891 565 3953 peribus
577 3890 698 3956 auspiciis
740 3890 855 3939 vetuisse
872 3890 1009 3954 qutequem
1028 3904 1057 3938 ee
1077 3890 1187 3937 absente
1208 3889 1270 3950 ⁸353

168 3970 261 4030 creati,
281 3966 372 4016 iiedern
394 3964 509 4016 t'escibne
527 3974 606 4031 etque
625 3980 698 4016 orne·
739 3980 800 4015 mox
818 3964 925 4027 subjicit
937 3963 1061 4013 affirmete
1078 3972 1105 4011 et
1122 3964 1219 4027 absque
1232 3965 1271 4014 in·

168 4044 264 4094 urentis
278 4042 401 4105 insignes.
741 4040 926 4102 terrogetioee,
937 4037 1045 4088 Febiunr
1057 4052 1088 4087 eo
1107 4039 1270 4105 ipeiuejnrm
1366 4076 1371 4083 .

200 4128 214 4155 ¹
233 4120 327 4175 Quota
344 4118 441 4181 trem
456 4132 507 4167 ereo
516 4116 608 4180 spreto]
625 4116 701 4179 sigo·
740 4122 873 4165 contemto
884 4128 974 4164 aueum
991 4128 1048 4165 esec
1059 4112 1270 4181 confflgereipso

168 4194 228 4243 niue
244 4194 329 4256 ripae
351 4192 536 4243 adverbialiter
553 4192 618 4242 eurnl
636 4194 702 4255 cult,
740 4190 860 4243 absente.

169 4282 228 4333 pro,
240 4266 317 4333 qnid?
332 4268 387 4320 eive
398 4267 431 4318 ed
443 4267 523 4331 quid?
534 4266 602 4331 quod
613 4265 701 4316 Greci
